2065 2670
1135 178 1169 206 v

331 279 441 306 tuntum
467 273 590 315 quisque
616 273 690 305 scire
715 272 859 314 putandus
886 272 941 312 sit,
966 278 1102 313 quantum
1128 272 1220 314 possit
1246 272 1312 303 aliis
1336 273 1478 314 probare,
1505 282 1668 312 quanquam
1693 284 1731 303 ne
1755 274 1829 304 illud
1855 276 1970 315 quidem

330 339 460 370 πωροι-ς
486 328 619 369 quoniam
639 327 702 359 fieri
722 338 792 358 sane
809 327 931 369 -poterit,
956 333 989 358 ut
1014 328 1036 358 ii
1060 327 1135 369 ipsi,
1163 327 1267 367 quibus
1292 328 1476 368 probaverit,
1505 328 1534 357 in
1560 328 1662 358 eodem
1687 339 1784 358 errore
1804 338 1969 364 versentur:

330 389 426 414 cetera
451 389 545 415 autem
574 382 756 414 arbitrabitur
780 382 833 413 ille
858 381 973 423 quidem
1000 393 1033 413 se
1059 382 1149 421 scire,
1177 393 1277 413 verum
1303 382 1334 412 id
1359 394 1412 423 pro
1439 389 1514 413 certo
1541 390 1568 413 et
1589 383 1737 423 explorato
1764 384 1888 425 habere,
1916 388 1972 418 nisi

329 438 448 467 nimium
469 438 525 467 sibi
545 448 680 475 arrogare
699 438 795 474 volet,
817 448 873 466 non
894 436 1008 476 poterit.
1049 438 1147 473 Quare
1167 437 1237 466 mihi
1257 448 1371 476 semper
1391 447 1446 475 ea,
1467 448 1542 476 quae
1564 447 1638 466 nunc
1658 448 1676 466 a
1696 437 1842 477 plerisque
1861 441 1972 482 impro-

330 491 431 529 batur,
456 492 565 533 placuit
584 491 656 522 ratio
675 489 930 529 Academicorum,
959 490 1008 530 qui
1028 501 1061 521 se
1080 490 1242 532 probabilia
1262 491 1344 531 sequi
1365 491 1506 530 dicerent,
1533 503 1627 532 neque
1647 493 1722 522 ultra
1741 492 1790 531 id,
1812 496 1889 534 quod
1910 499 1971 529 veri

329 546 424 577 simile
451 553 626 585 occurreret,
653 544 789 586 progredi
815 556 916 585 posse3
943 551 1029 584 atque
1048 544 1122 574 illud
1141 545 1171 575 in
1191 545 1291 585 primis
1311 545 1401 585 probe
1421 546 1575 575 tenendum
1594 556 1698 576 censeo
1718 547 1865 579 Ciceronis
1885 561 1972 591 prae-

329 607 462 642 ceptum,
483 608 514 631 ut
532 601 562 631 in
582 600 713 631 omnibus
733 599 819 630 rebus
838 605 866 629 et
884 599 1020 630 refellere
1040 598 1102 629 sine
1121 599 1296 641 pertinacia,
1318 605 1347 630 et
1365 599 1461 630 refelli
1481 599 1544 630 sine
1563 599 1711 631 iracundia
1730 603 1823 643 parati
1841 604 1944 638 simus,

408 656 505 697 Atque
530 656 585 687 hoc
612 667 699 696 quum
726 655 755 685 in
782 654 982 695 philosophia,
1011 660 1070 685 tum
1096 655 1146 685 vel
1171 655 1296 685 maxime
1319 654 1351 685 in
1370 655 1427 685 hac
1447 655 1544 685 crinin
1568 662 1630 685 arte
1649 656 1748 686 valere
1768 658 1868 698 debet,
1893 672 1972 701 quae

328 710 389 741 sere
409 718 468 741 tota
489 711 649 750 conjectura
666 709 841 747 continetur3
867 719 934 739 nam
960 708 1013 739 etsi
1037 709 1105 739 licet
1131 709 1274 740 interdum
1298 708 1328 739 in
1355 709 1484 739 codicum
1511 710 1690 749 quorundam
1709 712 1894 752 anctoritate,
1922 718 1972 748 vel

327 766 495 797 testimoniis
516 772 661 804 veterum,
687 771 822 805 tanquam
842 771 918 795 certo
939 764 1064 805 quodam
1084 764 1269 796 fundamento
1290 764 1437 803 insistere3
1472 765 1641 805 saepissime
1662 773 1756 797 tamen
1776 768 1816 798 ita
1836 770 1972 802 fluctuant

326 821 438 859 omnia,
465 827 497 850 ut
515 830 656 860 nusquam
677 819 821 859 reperiam,
843 819 919 858 quod
939 819 1127 858 amplectar-e,
1154 830 1211 859 quo
1234 825 1262 849 te
1282 819 1441 856 sustineas;
1462 819 1556 858 sitque
1576 819 1690 849 omnino
1711 821 1748 850 ab
1768 821 1820 851 illa
1842 824 1972 856 codicum

325 874 384 906 fide
404 874 622 906 discedendum.
672 874 706 904 ln
728 884 788 913 quo
815 882 977 912 quanquam
1002 872 1058 903 hoc
1083 873 1244 904 cavendum
1262 880 1308 904 est
1327 874 1468 912 maxime,
1502 884 1539 903 ne
1558 875 1751 915 exspatiemur
1771 877 1909 909 audacius
1929 888 1970 919 et,

326 939 413 968 quum
439 929 619 959 librariorum
646 934 764 969 peccata
789 927 890 957 tollere
916 926 1055 966 velimus,
1081 927 1177 968 ipsum
1203 928 1346 967 corrigere
1366 927 1533 968 scriptorem
1553 927 1723 967 videamur3
1752 937 1846 962 tamen
1867 934 1971 965 vitiosa

326 990 370 1013 est
390 983 476 1014 etiam
496 983 583 1014 nimia
604 982 745 1023 quaedam
765 980 886 1020 religio,
913 991 1000 1020 quum
1022 981 1062 1012 ita
1083 983 1212 1013 codicum
1232 982 1379 1023 scriptioni
1399 982 1569 1021 inhaereas,
1597 990 1627 1013 ut
1647 995 1703 1014 non
1725 985 1838 1017 dubites
1856 989 1905 1019 vel
1925 990 1972 1020 in-

326 1044 422 1079 eptam
439 1038 574 1079 scriptori
594 1036 762 1068 sententiam
782 1035 944 1074 obtrudere,
965 1036 1014 1066 vel
1034 1047 1052 1067 a
1073 1044 1149 1068 certa
1169 1044 1197 1068 et
1219 1037 1358 1068 constanti
1377 1037 1563 1076 grammatica
1582 1038 1692 1069 ratione
1711 1041 1863 1081 recedere3
1886 1046 1972 1076 modo

326 1103 363 1123 ne
382 1093 465 1124 litera
483 1093 589 1134 scripta
608 1092 784 1123 immutanda
803 1090 851 1121 sit.
892 1092 956 1128 Quo
982 1090 1011 1121 in
1037 1103 1143 1131 genere
1156 1093 1293 1123 ‚maxime
1320 1092 1391 1123 milu‘
1418 1093 1530 1123 videtur
1550 1094 1685 1124 Klotzius
1706 1097 1972 1141 reprehendendus,

326 1148 377 1188 qni
402 1148 488 1180 etiam
516 1149 553 1179 de
579 1147 720 1178 industria
745 1156 947 1185 nonnunquam
974 1146 1087 1178 videtur
1113 1147 1143 1178 id
1172 1148 1284 1187 egisse,
1312 1156 1343 1178 nt
1363 1159 1437 1189 quae
1458 1155 1553 1179 essent
1574 1149 1611 1179 ab
1633 1151 1764 1181 omnibus
1785 1154 1908 1194 rejecta,
1936 1167 1973 1187 ea

326 1214 442 1245 quoquo
461 1204 547 1235 modo
565 1202 744 1234 defenderet.
790 1202 932 1243 Exempla
951 1209 1053 1243 postea
1072 1203 1158 1244 plura
1177 1203 1315 1241 afferam3
1341 1214 1415 1233 nunc
1436 1204 1552 1244 quidem
1573 1204 1630 1235 duo
1649 1206 1735 1237 liceat
1755 1219 1914 1249 proponere
1935 1223 1972 1243 ex

326 1258 372 1289 his
399 1259 470 1300 ipsis
495 1259 576 1290 libris
597 1258 717 1289 Tuscul.
743 1257 879 1297 Disput.,
908 1256 1011 1296 quibus
1038 1257 1088 1287 vel
1116 1258 1241 1288 maxime
1266 1258 1380 1288 videtur
1404 1258 1452 1297 id,
1483 1260 1560 1298 quod
1587 1259 1664 1298 dixi,
1693 1263 1853 1293 confirmari
1873 1276 1971 1305 posse.

325 1315 401 1344 Nam
422 1325 509 1354 quum
528 1313 581 1343 lib.
602 1314 627 1344 1.
648 1314 707 1349 33,
725 1313 769 1342 80
794 1312 834 1342 ita
854 1311 991 1352 scriptum
1018 1311 1055 1341 sit
1081 1311 1110 1341 in
1136 1312 1283 1352 plerisque
1308 1311 1389 1342 libris
1418 1313 1527 1351 „Quod
1553 1313 1579 1344 si
1599 1321 1677 1345 tanta
1697 1315 1742 1346 vis
1765 1325 1807 1348 est
1829 1319 1865 1349 ad
1887 1320 1973 1352 habi-

326 1376 385 1400 tum
405 1369 508 1400 mentis
529 1368 558 1399 in
578 1368 630 1407 iis,
652 1378 727 1408 qnae
747 1367 901 1406 gignuntur
920 1367 949 1396 in
970 1376 1103 1406 corpore3
1126 1377 1161 1396 ea
1182 1373 1248 1397 sunt
1266 1373 1380 1405 autem,
1402 1379 1590 1408 quaecunque
1611 1377 1692 1408 sunt,
1714 1382 1788 1410 qnae
1809 1374 1973 1406 similitudi-

325 1435 391 1454 nem
411 1424 534 1454 saciant:
564 1423 635 1452 nihil
661 1421 839 1452 necessitatis
865 1420 966 1458 affert,
998 1430 1048 1450 cur
1073 1427 1207 1451 nascatur
1234 1420 1321 1451 animi
1346 1421 1544 1453 similitudo:“
1584 1424 1744 1455 Lambinus
1771 1429 1866 1459 statim
1889 1431 1972 1469 vidit,

325 1479 356 1511 id
375 1479 416 1510 ita
435 1479 506 1510 ferri
524 1490 581 1509 non
601 1489 704 1520 posse3
738 1476 852 1517 scripsit
876 1475 980 1515 igitur:
1010 1486 1085 1514 „cur
1104 1482 1257 1507 nascantur
1276 1476 1381 1516 animi,
1409 1477 1581 1516 similitud03
1609 1490 1683 1518 quae
1703 1483 1864 1514 emendatio
1885 1498 1972 1525 quum

327 1541 356 1565 et
375 1534 513 1565 facillima
531 1540 626 1571 esset,
656 1539 687 1562 et
704 1541 763 1562 una
784 1530 890 1572 optime
909 1541 970 1562 rem
991 1530 1129 1572 expedire
1147 1530 1310 1570 videretur,
1336 1539 1452 1574 recepta
1473 1539 1516 1563 est
1536 1533 1574 1564 ab
1594 1534 1725 1566 omnibus
1746 1537 1823 1577 fere,
1852 1551 1970 1580 quorum

327 1601 438 1622 summa
456 1596 501 1620 est
520 1589 550 1619 in
570 1589 625 1619 hoc
645 1598 750 1628 genere
769 1586 933 1617 auctoritas.
973 1586 1108 1626 Reliqui,
1130 1586 1201 1625 etsi,
1226 1586 1342 1626 virgula
1361 1594 1427 1627 post
1448 1591 1628 1626 „nascatur“
1648 1590 1831 1632 imm-pogna,
1854 1596 1973 1627 reu-nem

325 1646 406 1676 illam
425 1645 612 1686 plurimorum
631 1643 768 1673 librorum
793 1640 991 1681 scriptionem,
1018 1640 1060 1670 sic
1080 1647 1175 1670 tamen
1196 1651 1259 1671 eam
1279 1641 1516 1682 interpretantur,
1547 1650 1577 1673 nt
1597 1645 1650 1675 sit:
1684 1656 1735 1676 cur
1754 1657 1888 1680 nascatur
1907 1652 1971 1682 ani.

325 1711 399 1731 unus.
441 1702 522 1730 Unus
548 1697 682 1729 Klotzius
708 1708 764 1727 non
792 1696 884 1726 solum
911 1696 1012 1726 eodem
1036 1694 1124 1725 modo
1152 1695 1259 1737 scripta
1279 1696 1370 1727 verba
1391 1703 1499 1736 tuetur,
1529 1698 1582 1728 sed
1603 1700 1688 1730 etiam
1708 1701 1748 1732 ita
1768 1705 1911 1745 explicat,
1942 1716 1973 1740 ut

325 1755 419 1797 ipsam
440 1767 505 1787 esse
527 1753 741 1786 similitudine-m
762 1752 854 1789 dicat,
882 1762 968 1791 quam
993 1750 1072 1781 nasci
1097 1750 1152 1781 hoc
1178 1751 1243 1782 loco
1264 1759 1349 1791 neget
1371 1752 1486 1790 Cicero;
1515 1754 1583 1793 quin
1612 1755 1717 1795 etiam,
1744 1758 1770 1788 si
1797 1761 1971 1794 Lambinum

325 1811 472 1852 sequaris,
500 1811 602 1842 deesse
622 1808 732 1849 aliquid
754 1806 926 1837 conclusioni
946 1806 1106 1845 contendit,
1133 1806 1228 1846 quod,
1250 1807 1336 1847 quale
1357 1807 1409 1845 sit,
1439 1808 1530 1838 fateor
1549 1820 1595 1840 me
1614 1822 1672 1841 non
1692 1812 1864 1854 intelligere.
1906 1820 1970 1849 jam

324 1878 394 1898 vero
419 1877 508 1908 quum
533 1864 666 1903 sentiret,
691 1875 750 1894 non
777 1863 806 1893 id
836 1873 922 1902 agere
947 1861 1133 1901 Ciceronem,
1161 1868 1193 1892 ut
1212 1861 1428 1893 similitudinem
1448 1864 1529 1894 illam
1549 1866 1630 1896 nasci
1648 1876 1785 1907 negaret,
1812 1872 1864 1902 sed
1886 1881 1914 1903 ut
1935 1886 1969 1905 ne

325 1922 388 1963 ipse
408 1922 519 1953 animus
539 1920 619 1952 nasci
639 1920 801 1958 videretur,
821 1929 878 1948 nna
897 1928 960 1947 cum
981 1927 1016 1947 ea
1035 1916 1222 1947 similitudine
1242 1917 1323 1947 nasci
1342 1918 1469 1949 animum
1489 1920 1578 1956 dixit,
1599 1921 1712 1961 itaque,
1733 1924 1823 1955 altero
1844 1928 1968 1969 sublato,

324 1977 387 2009 tolli
406 1978 539 2009 alterum.
586 1976 664 2006 lllud
689 1987 746 2006 non
771 1974 858 2012 vidit,
887 1972 1100 2003 similitudinem
1119 1972 1265 2003 hominum
1286 1973 1348 2003 sine
1368 1974 1430 2004 ulla
1450 1974 1626 2007 dubitatione
1645 1978 1725 2008 nasci
1745 1991 1800 2010 uua
1821 1992 1884 2013 cnm
1905 1995 1970 2015 cor-

325 2045 412 2075 pore,
445 2043 538 2072 neque
562 2031 594 2061 id
622 2031 742 2061 obscure
762 2041 780 2060 a
801 2030 937 2060 Cicerone
957 2027 1127 2066 significari,
1154 2028 1206 2058 sed
1227 2035 1326 2069 aperte
1346 2029 1503 2068 declarari,
1536 2041 1623 2070 quum
1644 2042 1708 2063 eam
1728 2034 1804 2065 effici
1825 2036 1901 2069 dicat
1921 2039 1970 2077 ijs,

327 2100 402 2130 quae
428 2088 458 2119 in
485 2098 603 2128 corpore
628 2086 796 2126 gignantur3
823 2096 891 2124 ergo
918 2084 972 2114 hoc
998 2094 1016 2113 a
1037 2083 1174 2114 Cicerone
1195 2082 1268 2113 dini:
1294 2094 1460 2124 quanquam
1480 2094 1633 2117 nascantur
1652 2088 1870 2131 similitudines,
1897 2095 1970 2126 nihil

326 2152 421 2175 tamen
448 2153 530 2180 esse,
563 2152 612 2171 cur
641 2140 748 2170 idcirco
777 2139 857 2170 nasci
888 2144 1020 2179 putentur
1051 2137 1149 2168 animi.
1210 2138 1298 2175 Quod
1330 2138 1355 2168 si
1382 2139 1521 2179 vidisset,
1555 2148 1603 2172 aut
1629 2142 1729 2174 videre
1760 2145 1901 2179 voluisset
1925 2150 1970 2181 vif

304 2206 309 2214 “
327 2198 526 2236 doctissimus,
548 2196 620 2226 nihil
639 2195 768 2226 dixisset.

406 2254 491 2284 Alter
511 2259 605 2283 antem
625 2251 705 2281 locus
724 2259 767 2281 est
789 2253 877 2281 Tusc.
897 2250 973 2291 disp.
994 2251 1035 2280 V.
1057 2249 1114 2287 31,
1135 2248 1186 2280 87.
1232 2250 1397 2290 „Sequetur
1416 2250 1502 2290 igitur
1522 2251 1624 2284 horum
1644 2254 1754 2287 ratione
1774 2259 1822 2288 vel
1842 2260 1879 2290 ad
1901 2272 1971 2303 sup-

326 2309 444 2351 plicium
465 2308 550 2338 beata
569 2307 630 2337 wita
648 2306 799 2345 virtutem,
820 2316 940 2346 cumque
961 2315 995 2335 ea
1016 2303 1171 2335 descendet
1190 2303 1219 2333 in
1240 2310 1368 2344 taurum,
1395 2306 1570 2348 Aristotele,
1593 2310 1774 2351 Xenocrate,
1796 2315 1972 2358 Speusippo,

328 2365 484 2395 Polemone
505 2362 682 2401 auctoribus,
704 2373 755 2392 nec
777 2372 840 2391 eam
861 2360 983 2391 minimis
1005 2359 1206 2390 blandimentis
1226 2367 1358 2402 corrupta
1379 2361 1527 2394 deseret.“
