2065 2670
1094 137 1208 174 xvn

330 243 385 269 est,
434 237 503 268 Erat
523 247 541 269 a
560 237 697 270 Cicerone
722 238 873 281 scriptumx
903 238 1081 277 „intellecto
1095 246 1155 277 ἐο,
1178 237 1260 279 quod
1276 249 1339 270 rem
1359 237 1508 276 continet,
1535 238 1645 269 malum
1665 237 1767 270 2⁹1lud“
1796 245 1851 271 etc.
1873 238 1979 271 deinde

329 292 502 333 transposita
521 304 573 333 per
600 291 723 324 errorem
745 295 869 334 aliquem
889 295 994 325 vocula
1021 295 1144 334 ,‚illud“
1169 301 1235 336 post
1255 295 1375 333 „rem,“
1395 305 1483 334 quum
1503 304 1538 324 ea
1557 293 1631 324 inter
1651 304 1683 324 se
1703 305 1759 324 non
1780 302 1977 332 congruerem,

328 346 436 379 sactum
449 354 493 379 est
512 347 693 388 „remedium
710 348 819 390 illud‚“
839 349 916 392 quod
931 361 985 393 per
1003 361 1037 383 se
1057 350 1173 393 quidem
1192 348 1372 393 aptissimum
1388 360 1464 390 esse,
1486 348 1537 382 vix
1557 348 1621 390 erit,
1642 348 1691 391 qui
1711 354 1813 389 neget3
1835 354 1978 391 postremo

328 402 450 442 „illud“
470 405 584 435 omnino
604 405 751 436 omissum.
1120 399 1124 400 ⁷

407 459 541 491 Ceterum
566 459 596 490 in
623 459 682 491 illis
710 459 786 503 quod
813 459 983 503 „opinatum
1009 461 1047 492 sit
1073 471 1139 493 esse
1157 461 1336 493 maximum“
1361 471 1480 501 vereor,
1507 471 1544 491 ne
1564 459 1637 491 nihil
1657 458 1825 490 mutandum
1844 458 1898 498 sit,
1927 458 1979 489 sed

326 514 459 555 mig-ratio
485 515 627 556 quaedam
652 516 726 557 legis
751 516 944 557 agnoscenda.
985 517 1097 555 Quodsi
1116 518 1181 558 quis
1201 517 1353 549 emendare
1373 517 1458 556 velit,
1485 517 1513 548 ei
1532 517 1690 559 „opinatus
1712 516 1777 547 sis“
1797 515 1980 547 scribendum

327 580 442 602 censeo·

406 628 471 658 Jam
490 638 577 667 vero,
597 635 628 659 ut
645 628 700 660 hoc
719 629 783 659 1000
802 628 941 667 ,‚iuud1‚“
960 628 1000 659 ite
1022 629 1164 660 alio‘loco
1184 630 1327 668 „tamen“
1347 640 1404 659 non
1424 629 1539 660 videtur
1558 640 1611 659 suo
1628 629 1692 659 loco
1711 628 1882 659 collocatum
1901 637 1979 657 esse.

364 681 389 712 1.
410 681 461 721 35,
480 682 531 713 85.
572 677 682 722 „Quod
702 683 728 712 si
747 689 812 713 ante
832 683 998 722 occidisset,
1019 683 1176 723 (Priamus)
1197 690 1292 714 tamen
1317 690 1451 714 eventum
1471 683 1585 713 omnino
1606 682 1782 720 amississet,
1803 682 1859 712 hoc
1880 687 1977 711 autem

470 745 598 780 tempore
618 749 734 769 sensum
752 738 847 770 amisit
865 739 1042 771 malorum.“

403 793 469 830 Quo
488 792 518 822 in
537 793 601 823 loco
621 794 692 824 mire
712 794 880 825 dissentiunt
898 795 1077 836 interpretes.
1117 794 1252 825 Klotzius
1271 801 1303 825 ut
1322 795 1385 825 fere
1403 806 1527 836 semper,
1549 795 1700 834 vulgatam
1723 792 1866 829 defendit,
1887 792 1979 832 aptis-

325 843 426 879 simam
447 860 512 880 esse
531 849 702 891 particulam
722 851 863 890 „tamen“
883 850 921 882 ad
934 862 998 882 eum
1011 851 1105 881 locum
1126 850 1279 890 existimat,
1301 861 1375 891 quae
1396 851 1449 882 etsi
1468 850 1609 893 pertineat
1629 850 1667 881 ad
1687 856 1775 880 totam
1796 847 1977 886 sententiam,

331 914 416 934 suum
442 910 536 934 tamen
564 905 658 935 locum
685 912 751 935 ente
770 913 904 936 eventum
929 906 1035 936 habeat
1061 906 1138 946 quod
1158 906 1278 936 verbum
1306 908 1355 937 vel
1375 907 1499 936 maxime
1519 907 1574 936 hoc
1594 907 1658 936 loco
1678 905 1764 935 suerit
1785 904 1974 935 efferendum.

323 958 421 990 Vertit
439 958 495 990 ita:
516 968 602 992 menn
624 970 653 993 er
675 960 743 992 uber
763 960 828 1000 eber
847 960 1004 1002 gefdyieben
1025 961 1117 1000 mate,
1139 962 1240 993 mitt-be
1261 971 1291 993 er
1310 961 1405 1000 jebod)
1427 961 1513 997 (aber
1534 962 1620 999 uudy)
1643 962 1705 992 bem
1727 959 1867 992 OEiutrittc
1889 959 1975 991 fibert

324 1015 417 1055 haupt
437 1021 601 1057 entgangen
625 1018 690 1057 fem
718 1018 748 1056 so
770 1017 839 1048 aher
859 1017 976 1058 entgtng
1004 1027 1034 1049 er
1060 1019 1122 1049 bem
1144 1018 1271 1057 &effante
1292 1020 1343 1049 bes
1367 1018 1522 1058 ungss‘tcfss.
1576 1018 1665 1055 „Quo
1691 1015 1760 1056 quid
1786 1022 1880 1057 potest
1907 1026 1974 1045 esse

317 1071 462 1111 jejunius,
493 1072 562 1112 quid
583 1072 720 1103 Cicerone
741 1072 857 1112 quidem
877 1072 1044 1112 indignius?
1076 1063 1157 1103 'Alii
1182 1084 1235 1114 pro
1260 1074 1402 1112 „tamen“
1430 1073 1603 1114 scripserunt
1630 1072 1754 1110 „tum,“
1781 1071 1858 1111 quod
1880 1078 1923 1101 est
1944 1070 1973 1100 in

322 1125 404 1157 libris
423 1127 569 1158 nonnullis
590 1135 618 1159 et
638 1127 751 1169 scriptis
772 1134 800 1158 et
819 1127 983 1169 impressis,
1010 1128 1131 1159 otiosum
1151 1139 1216 1159 esse
1230 1128 1342 1169 judicat
1362 1130 1514 1167 Moserus,
1535 1139 1591 1158 non
1611 1127 1801 1168 improbarem
1823 1137 1895 1166 ego,
1917 1125 1973 1156 nisi

320 1181 419 1222 paullo
440 1189 506 1213 ante
526 1183 564 1214 de
581 1183 639 1214 alio
657 1190 784 1224 tempore
795 1189 961 1225 usurpatum
973 1191 1059 1215 esset.
1099 1184 1234 1225 Plerique
1255 1184 1387 1223 „talem“
1409 1184 1603 1224 praetulerunt
1616 1194 1652 1213 ex
1667 1183 1838 1222 conjectura.
1881 1183 1971 1212 Prae-

320 1242 398 1267 terea
417 1248 555 1278 possesne
575 1238 663 1269 latine
683 1238 756 1269 dici:
777 1245 910 1269 eventum
930 1239 1070 1278 amittere,
1092 1239 1251 1270 dubitatum
1271 1245 1315 1270 est
1334 1249 1351 1269 a
1372 1239 1479 1268 multis.
1521 1238 1651 1268 Wolfius
1676 1238 1717 1268 ita
1745 1237 1912 1278 explicavit,
1941 1244 1972 1266 ut

318 1292 447 1323 amittere
467 1294 573 1324 diceret
593 1305 674 1324 esse:
701 1295 752 1332 sud)
774 1297 869 1326 etmass
891 1295 1028 1335 entgcben
1048 1295 1154 1333 Ιαῆεη,
1176 1297 1235 1326 αιιό
1258 1296 1311 1325 ben
1332 1295 1458 1334 mahen
1479 1294 1585 1332 1affen,
1608 1294 1682 1331 nicht
1703 1296 1793 1334 grube
1813 1293 1968 1325 vertici-cn.

319 1347 363 1379 &r
383 1349 481 1380 mintha
503 1349 574 1388 bicse
594 1349 746 1389 trflurtgcn
768 1349 924 1390 &uiguisse
945 1350 1020 1388 m'd)t
1040 1350 1128 1381 ertebt
1149 1350 1254 1389 baben.
1293 1350 1326 1378 In
1354 1360 1410 1388 quo
1439 1349 1678 1389 quemadmodum
1704 1359 1768 1378 cum
1796 1347 1896 1389 primis
1918 1358 1970 1377 ex-

318 1409 408 1434 trema
429 1410 600 1444 congruant,
629 1415 686 1434 non
704 1404 846 1445 intelligo.
903 1405 1055 1435 Schiitzius
1075 1405 1116 1435 ita
1136 1404 1317 1435 scribendum
1337 1404 1449 1445 putavit
1481 1411 1563 1443 „tum
1593 1410 1727 1434 eventum
1754 1403 1885 1441 omnino,
1912 1402 1967 1433 hoc

316 1465 412 1489 autem
432 1465 558 1501 tempore
578 1471 693 1491 sensum
713 1461 807 1491 amisit
827 1461 990 1491 malorum“
1016 1461 1093 1501 quod
1119 1467 1206 1500 negat
1231 1462 1365 1490 Mosems
1395 1467 1471 1490 recte
1498 1459 1555 1489 dici
1582 1470 1679 1500 posse,
1708 1465 1861 1500 propterea
1889 1458 1967 1498 quod

317 1514 468 1556 suppleres
488 1515 593 1554 amisit,
615 1527 671 1546 non
691 1515 843 1547 amisisset.
884 1517 952 1557 Ipse
971 1517 1105 1546 Moserus
1127 1526 1190 1546 cum
1202 1515 1371 1555 Hottingero
1392 1515 1487 1554 sentit,
1508 1515 1557 1555 qui
1577 1514 1617 1545 ita
1637 1513 1724 1544 scribi
1744 1514 1837 1544 voluit
1856 1514 1968 1553 „talem

316 1576 450 1600 eventum
470 1571 584 1601 omniuo
604 1583 659 1602 non
680 1571 851 1602 habuis-sem
879 1571 956 1612 quod
979 1582 1034 1611 ego
1061 1572 1091 1601 in
1111 1571 1197 1610 hanc,
1219 1582 1293 1612 quae
1314 1582 1387 1601 nunc
1408 1571 1545 1609 habetur,
1573 1571 1695 1601 formam
1715 1569 1818 1601 mutari
1838 1570 1967 1611 potuisse

315 1625 493 1665 negaverim.

393 1681 476 1719 Quae
497 1692 583 1721 quum
602 1681 644 1713 ita
663 1682 736 1722 sint,
764 1683 823 1714 alia
841 1683 955 1714 videtur
974 1682 1046 1714 ratio
1066 1682 1255 1723 ingredienda
1275 1694 1358 1722 esse,
1381 1693 1455 1724 quae
1475 1682 1571 1713 nescio
1591 1688 1628 1712 an
1649 1681 1789 1713 facillima
1809 1681 1861 1712 sit:
1889 1681 1968 1719 Quid

314 1735 401 1774 enim,
421 1735 448 1766 si
466 1735 508 1766 ita
527 1735 703 1769 scribamus:
730 1739 837 1778 „quod
854 1739 882 1769 si
899 1744 969 1768 anie
989 1737 1155 1775 occidisset,
1176 1745 1309 1769 eventum
1329 1739 1446 1768 omnino
1466 1738 1621 1774 amisisset,
1641 1737 1697 1767 hoc
1717 1742 1816 1766 aulem
1836 1743 1968 1776 tempore

311 1801 425 1821 sensum
446 1791 546 1822 tam'en
567 1793 666 1824 amisit
685 1792 878 1825 malorum“?

392 1848 458 1876 Jam
478 1858 530 1877 suo
550 1847 615 1877 loco
635 1848 777 1888 particula
795 1849 847 1879 illa
867 1849 961 1890 posita
982 1849 1052 1888 erit,
1074 1859 1149 1889 quae
1169 1855 1247 1879 tanto
1267 1860 1355 1890 opere
1375 1848 1495 1879 vexavit
1514 1848 1700 1889 interpretes,
1721 1847 1857 1888 quodque
1878 1848 1967 1878 Klot-

313 1901 375 1932 zius
396 1902 560 1943 exemplum
580 1902 664 1933 ass'ert
684 1914 721 1933 ex
741 1911 802 1934 orat
821 1904 850 1934 in
871 1904 957 1935 Catil.
978 1905 1045 1943 111„
1066 1904 1097 1943 5,
1119 1905 1168 1935 10.
1216 1906 1315 1944 „Tum
1336 1904 1494 1944 CetheguS,
1523 1903 1573 1944 qui
1593 1911 1661 1934 ante
1681 1902 1791 1943 aliquid
1813 1910 1909 1933 tamen
1929 1902 1966 1932 de

310 1957 417 1997 gladiis
437 1968 471 1988 ac
492 1957 576 1997 sicis,
598 1970 672 1999 quae
692 1960 770 2001 apud
789 1960 883 2001 ipsum
903 1966 982 1990 erant
1002 1960 1216 2001 deprehensae,
1238 1960 1435 2001 respondisset
1456 1966 1529 1997 etc.;
1557 1959 1587 1989 id
1609 1970 1695 1999 quum
1717 1958 1754 1989 ad
1776 1969 1857 1997 eam,
1879 1968 1965 1998 quam

309 2013 374 2054 ipse
393 2013 466 2051 vult,
487 2013 639 2044 verborum
659 2021 827 2046 structuram
841 2015 1052 2046 defendendam
1067 2014 1140 2045 nihil
1155 2015 1268 2046 omnino
1288 2016 1396 2054 valeat,
1418 2015 1455 2045 ad
1475 2015 1550 2045 hanc
1571 2015 1686 2055 quidem
1706 2021 1832 2045 nostram
1849 2013 1966 2053 egregie

310 2069 462 2101 convenire
482 2069 644 2110 apparebit.
684 2071 718 2101 In
738 2070 884 2102 amittendi
904 2070 993 2103 verbo
1019 2077 1114 2103 autem
1138 2082 1195 2102 non
1216 2082 1280 2102 esse
1306 2078 1393 2113 puto,
1420 2082 1470 2102 cur
1489 2070 1672 2102 haereamus.
1712 2070 1826 2101 Amittit
1847 2069 1874 2101 is
1887 2092 1897 2109 ,
1919 2069 1966 2101 cui

309 2124 444 2155 adimitur
462 2124 504 2162 id,
526 2125 602 2164 qnod
622 2133 672 2155 aut
692 2126 803 2165 habuit,
824 2134 872 2157 aut
892 2134 952 2157 erat
971 2127 1137 2164 habiturus3
1164 2126 1195 2156 id
1215 2134 1310 2157 autem
1331 2128 1393 2156 fleri
1413 2134 1503 2156 morte
1524 2126 1588 2166 quis
1609 2126 1716 2164 neget?
1758 2127 1861 2165 Itaque
1882 2138 1966 2166 quem

309 2180 373 2221 quis
393 2179 500 2211 habere
522 2186 656 2211 eventum
676 2187 781 2222 potest,
804 2182 925 2213 eundem
945 2188 1034 2213 morte
1053 2188 1149 2223 potest
1168 2181 1312 2212 amittere:
1333 2184 1401 2224 lpse
1422 2188 1516 2212 autem
1538 2181 1640 2212 Cicero
1662 2181 1698 2211 de
1719 2180 1821 2212 Divin.
1843 2183 1894 2220 11.‚
1915 2182 1965 2212 Q,

308 2235 406 2279 ‚‚Si‚“
432 2235 523 2275 inquit
550 2235 612 2274 „ab
633 2237 828 2268 adolescentia
848 2238 966 2276 scisset,
995 2249 1067 2277 quos
1094 2244 1213 2268 eventus
1233 2238 1388 2268 senectutis
1410 2245 1486 2268 esset
1506 2237 1692 2267 habiturus.“
1734 2238 1868 2267 Ceterum
1889 2237 1966 2276 quod

307 2289 395 2322 etiam
406 2289 437 2321 in
450 2289 497 2332 iis,
519 2301 593 2332 quae
610 2291 740 2334 proxime
761 2292 943 2333 antecedunt,
963 2292 1111 2333 vulgatam
1122 2292 1260 2325 Klotzius
1278 2293 1391 2333 retinet,
1412 2303 1522 2333 suoque
1535 2303 1615 2323 more
1630 2292 1771 2331 defendit,
1793 2303 1879 2333 quum
1894 2291 1967 2323 nihil

1467 2348 1489 2367 ι
1498 2348 1516 2367 ἢ
1526 2348 1545 2367 e
