2065 2670
1019 104 1072 135 Vl

299 203 414 233 Primus
442 202 593 242 Bentlejus
622 202 695 233 vidit
723 202 819 243 inepte
845 201 948 232 scribi:
975 201 1124 240 „minimis
1131 202 1165 240 ;“
1191 202 1229 232 de
1249 202 1410 243 conjectura
1429 202 1572 246 reposuitz
1597 204 1707 244 „minis
1726 207 1816 246 aut;“
1842 213 1871 239 ot

219 265 264 290 est
282 258 314 289 in
334 259 452 298 egregio
473 258 572 288 codice
593 257 672 288 Gud.
688 259 713 288 1.
734 257 881 296 ‚,minis,“
903 257 932 286 in
950 257 1009 287 alio
1027 257 1143 298 (Rehd)
1156 248 1189 288 ‘a‘
1202 269 1255 299 pro
1275 259 1372 297 ,‚aut“
1391 265 1459 290 ante
1478 259 1739 299 „blandimentis.“
1778 263 1876 304 Egre-

218 314 297 354 gium
322 312 448 353 Bentleji
475 314 666 353 conjecturam
694 313 837 343 duxerunt
864 324 980 351 omnes,
1008 313 1145 343 Klotzius
1171 314 1257 344 etiam
1284 314 1414 356 ineptam
1438 326 1504 347 esso
1529 322 1645 357 censet,
1675 323 1766 358 negat
1789 317 1874 350 minis

219 381 282 402 esse
306 370 403 400 locum
429 376 495 409 post
521 369 664 410 supplicia
691 376 860 408 taurumque
886 368 1072 406 Phalaridis,
1109 369 1173 398 sola
1199 369 1394 400 blandimenta
1419 372 1543 410 requiri,
1571 372 1644 402 nihil
1664 383 1732 404 esse
1749 374 1871 415 vulgata

217 424 359 466 scriptura
379 423 485 455 certius
492 435 501 463 3
534 434 628 465 neque
648 423 725 455 enim
745 423 786 455 ita
806 422 996 455 construenda
1015 422 1126 462 verba,
1154 430 1185 455 ut
1204 424 1331 464 negandi
1350 425 1492 466 particula
1510 426 1550 457 ad
1569 428 1661 459 solum
1682 428 1803 460 verbum
1822 441 1873 460 re-

217 481 341 518 feratur,
375 489 443 509 esse
461 489 526 510 eam
546 479 633 510 etiam
653 479 693 510 ad
712 478 884 518 „minimis“
904 479 1104 517 referendam,
1137 490 1172 510 eo
1197 485 1294 509 autem
1318 481 1461 511 vocabulo
1480 480 1560 512 idem
1578 482 1753 523 significari,
1787 495 1823 515 ac
1842 485 1868 516 si

218 535 333 574 „ullis“
354 534 457 565 Cicero
478 534 658 576 scripsisset,
679 534 708 565 in
729 545 786 575 quo
805 544 889 564 nemo
910 540 987 564 certe
1006 540 1085 565 esset
1103 534 1277 566 offensurus.

296 592 362 621 Jam
382 590 456 621 haec
477 590 627 621 videamus
648 590 745 631 qualia
764 590 833 621 sint.
873 589 998 620 Primum
1019 589 1122 629 igitur,
1144 590 1169 620 si
1189 590 1220 620 id
1240 590 1296 620 sibi
1317 590 1436 630 Cicero,
1458 592 1536 632 quod
1553 594 1689 626 Klotzius
1710 596 1791 635 vult,
1818 598 1866 628 sa-

216 646 350 677 ciendum
376 653 506 688 putaret,
532 653 563 677 ut
589 657 663 685 non,
691 656 765 686 quae
791 651 856 676 ante
884 644 993 675 ornatis
1015 644 1113 676 verbis
1134 652 1162 675 et
1182 645 1274 675 fusius
1296 646 1425 676 elocutus
1446 655 1540 687 esset,
1572 660 1607 680 ea
1621 651 1683 690 jam
1705 651 1864 693 simplicius

217 702 410 742 breviusque,
431 701 537 732 additis
556 708 706 743 praeterea
727 700 943 739 blandimentis,
964 701 1159 739 concluderet,
1181 701 1236 732 sed
1254 712 1361 731 novum
1381 701 1492 742 aliquid
1510 702 1644 744 inferret,
1666 713 1695 736 et
1714 708 1864 749 suppliciis

217 757 413 789 blandimenta
439 762 612 799 opponeret,
642 767 745 787 vereor
769 766 806 786 ne
831 755 872 786 ita
898 754 1076 797 scripsisset:
1108 768 1225 797 „neque
1247 768 1320 788 vero
1337 768 1401 788 eam
1421 757 1489 788 ullis
1510 758 1712 793 blandimentis
1733 772 1868 806 corrupta

218 813 328 843 deseret
335 813 369 850 ;“
389 823 483 851 neque
504 811 579 842 enim
599 811 641 841 ita
660 811 734 841 solet
754 810 888 851 opposita
908 811 1089 850 adjungere,
1104 817 1135 841 ut
1156 812 1258 841 eadem
1279 823 1344 842 esse
1362 813 1526 845 videantur.
1566 816 1697 856 Deinde,
1725 818 1751 848 si
1770 820 1864 851 maxi.

218 878 263 898 me
283 866 314 897 id
334 866 442 906 vellet,
462 877 519 898 non
541 872 653 908 poterat
673 865 815 897 scribere:
842 865 1025 906 „minimis.“
1072 864 1144 904 Quis
1166 873 1209 897 est
1230 866 1305 897 enim
1326 874 1384 898 tam
1404 868 1485 900 rudis
1505 869 1534 900 in
1555 871 1723 912 scribendo,
1749 881 1807 906 tam
1828 877 1866 907 ab

220 923 297 954 omni
316 930 377 954 arte
399 922 570 961 derelictus,
603 928 651 961 ut,
680 933 768 962 quum
795 923 887 961 „ullis
907 921 1136 952 blandimentis“
1162 922 1288 952 scribere
1308 922 1395 961 velit,
1423 924 1593 962 „minimis“
1614 927 1738 961 scribat!
1778 932 1864 971 Nam,

218 990 291 1020 quae
305 989 323 1010 a
336 978 454 1009 Klotzio
475 976 558 1018 quasi
578 977 675 1008 versio
696 988 795 1008 eorum
814 977 967 1008 verborum
987 977 1119 1008 additur:
1140 979 1225 1014 „nub
1247 977 1322 1015 nidyt
1343 986 1441 1019 mugen
1462 982 1511 1013 ber
1531 982 1690 1023 geringsten
1703 986 1862 1028 ssocfmtgett

217 1045 250 1075 3¹⁸
272 1033 546 1073 anehmtidyfeiten
568 1033 642 1064 mii-b
663 1035 702 1071 ste
720 1033 837 1071 bi‘eseffie
858 1042 921 1072 gum
943 1033 1126 1071 streubrudye
1146 1033 1277 1064 nerreitet
1296 1034 1436 1072 certassent
1446 1037 1482 1075 ;‘¹
1507 1036 1537 1066 iu
1557 1048 1592 1068 ea
1611 1050 1668 1069 non
1689 1040 1870 1080 elegantiam*

217 1090 320 1129 modo,
348 1089 555 1120 verumetiam
576 1095 683 1119 rectam
703 1088 842 1118 rationem
862 1087 1021 1119 desideres,
1063 1087 1137 1125 Quis
1164 1087 1240 1117 enim
1264 1099 1353 1119 sanae
1379 1090 1482 1121 mentis
1509 1102 1574 1123 esse
1594 1104 1661 1124 eum
1685 1102 1785 1136 putet,
1812 1099 1862 1139 qui

219 1158 250 1177 se
270 1152 357 1185 neget
377 1145 427 1175 vel
446 1144 562 1174 minima
589 1155 642 1185 spe
670 1143 882 1174 commodorum
909 1142 1015 1172 adduci
1040 1153 1145 1183 posse,
1178 1149 1209 1172 ut
1234 1153 1251 1173 a
1278 1143 1402 1183 justitia,
1430 1146 1590 1186 aequitate,
1616 1149 1675 1180 fide
1697 1151 1868 1185 desciscat?

217 1200 308 1238 Quasi
328 1210 397 1230 vero
419 1200 570 1239 quisquam
592 1199 646 1237 sit,
666 1198 715 1238 qui
734 1197 764 1227 id
786 1197 837 1228 vel
855 1197 998 1237 suspicari
1016 1197 1126 1238 possit!
1154 1203 1201 1227 aut
1222 1197 1296 1227 nihil
1315 1198 1447 1238 intersit,
1464 1207 1556 1232 utrum
1577 1205 1749 1241 „minimis“
1769 1208 1861 1248 dicas,

219 1254 449 1293 an‘,‚minime.“
489 1253 575 1291 Quod
603 1259 699 1283 autem
724 1252 775 1282 ille
804 1251 920 1282 minima
947 1262 1079 1291 quaeque
1105 1251 1301 1282 blandimenta
1329 1253 1478 1293 aptissima
1504 1257 1566 1287 vult
1592 1269 1657 1290 esse
1676 1261 1715 1292 ad
1736 1273 1864 1295 corrum-

218 1310 360 1351 pendum,
393 1309 526 1349 quoniam
554 1307 594 1338 ita
621 1307 743 1348 quisque
762 1306 901 1337 facillime
921 1306 1063 1347 corrumpi
1088 1306 1235 1337 blanditiis
1255 1307 1367 1348 possit,
1391 1309 1417 1340 si
1437 1321 1478 1341 ne
1493 1313 1597 1345 sentiat
1617 1315 1732 1355 quidem
1753 1329 1789 1350 ea
1809 1320 1865 1352 sibi

219 1365 383 1403 admoveri,
411 1364 557 1395 videretur
576 1363 607 1393 id
626 1362 750 1393 fortasse
771 1373 836 1393 esse
855 1361 984 1402 aliquid,
1010 1361 1036 1392 si
1063 1361 1100 1392 de
1126 1362 1230 1393 virtute
1255 1362 1412 1404 diceretur,
1445 1377 1520 1406 quae
1546 1375 1629 1412 turpe
1654 1372 1711 1404 sibi
1737 1374 1864 1417 duceret,

217 1419 360 1461 corrumpi
380 1419 540 1457 blanditiis,
566 1430 623 1450 non
644 1418 682 1450 de
701 1418 787 1450 beata
807 1418 878 1458 w'ta,
906 1428 992 1459 quam
1013 1424 1090 1449 certe
1109 1417 1260 1460 probabile
1282 1426 1335 1458 est,
1358 1427 1387 1451 nt
1407 1423 1566 1464 suppliciis,
1587 1427 1629 1458 ita
1647 1428 1866 1472 blandimentis,-

214 1488 269 1507 nou
291 1475 426 1513 minimis,
447 1475 499 1504 sed
519 1475 650 1505 maximis
671 1485 689 1505 a
709 1474 814 1504 virtute
832 1473 923 1504 avelli
942 1473 1078 1503 maxime·
1112 1474 1246 1514 Denique
1267 1475 1343 1514 quod
1359 1476 1495 1514 jubemur
1514 1479 1554 1510 ita
1574 1482 1664 1514 verba
1685 1493 1863 1529 construere,

215 1539 244 1564 ut
264 1530 443 1570 negationem
466 1541 552 1569 quum
573 1529 611 1559 ad
639 1529 799 1568 ,‚deseret“
825 1535 884 1559 tum
904 1528 942 1559 ad
968 1527 1139 1567 ,flninimiffl
1166 1528 1330 1569 trahamus,
1359 1531 1388 1562 id
1410 1533 1496 1572 quale
1519 1542 1611 1575 esset,
1637 1550 1694 1570 non
1711 1541 1858 1583 intellige-

216 1599 291 1625 rem,
318 1586 391 1623 nisi,
419 1586 482 1625 ipse
502 1585 639 1615 Klotzius
660 1584 729 1624 quid
749 1584 886 1621 fecisset,
913 1583 1054 1614 viderem.
1094 1586 1185 1622 Nam,
1214 1596 1300 1624 quum
1321 1587 1361 1615 11.
1381 1586 1418 1624 5,
1441 1586 1480 1617 14
1498 1588 1572 1619 haec
1591 1592 1742 1632 legantur,—
1759 1609 1858 1639 „quae

216 1641 338 1683 (turpia)
359 1646 390 1671 ut
410 1639 549 1680 effugias,
579 1638 644 1679 quis
665 1645 709 1669 est
728 1649 784 1675 non
805 1638 891 1668 modo
911 1638 1103 1677 recusandus,
1132 1639 1184 1669 sed
1205 1650 1261 1669 non
1282 1640 1360 1670 ultro
1376 1643 1573 1684 appetendus,
1600 1648 1783 1692 subeundus,
1804 1665 1857 1685 ex-

215 1696 362 1738 cipiendus
383 1694 505 1726 dolorl“
537 1705 611 1735 quae
630 1694 671 1725 ita
691 1694 780 1735 plana
797 1700 882 1732 sunt,
903 1700 935 1723 ut
954 1693 1145 1735 explicatione
1164 1694 1293 1735 profecto
1313 1706 1369 1726 non
1391 1705 1510 1737 egeant,
1531 1702 1709 1736 occasionem
1729 1707 1786 1738 sibi
1805 1710 1859 1740 ob-

214 1754 302 1783 latam
323 1752 372 1781 ille
392 1757 489 1791 putat,
510 1750 547 1780 de
566 1750 632 1780 aliis
653 1749 825 1789 quibusdam
846 1749 919 1779 locis
939 1749 1110 1779 disserendi.
1152 1750 1260 1788 Velut,
1281 1751 1359 1790 qnod
1380 1752 1472 1782 estin
1493 1755 1579 1786 Catil.
1601 1765 1673 1789 orat.
1695 1762 1719 1791 1.
1741 1772 1807 1804 cap.
1827 1766 1858 1796 3.

216 1809 240 1846 ξ.
262 1807 293 1837 8.
335 1806 439 1845 „Nihil
457 1805 538 1845 agis,
560 1804 632 1835 nihil
652 1803 780 1843 moliris,
801 1804 874 1834 nihil
894 1804 1021 1844 cogitas,
1050 1804 1126 1845 quod
1148 1815 1203 1844 ego
1223 1816 1279 1836 non
1300 1805 1385 1836 modo
1406 1808 1537 1849 audiam,
1564 1813 1617 1843 sed
1638 1815 1724 1846 etiam
1744 1818 1860 1851 videam

213 1863 356 1904 planeque
376 1861 520 1891 sentiam“
540 1859 571 1890 id
590 1859 631 1890 ita
650 1859 737 1890 vertit
758 1860 837 1897 „Qu
859 1860 949 1896 bentst
969 1861 1082 1898 niente!
1112 1863 1179 1892 mne
1201 1861 1240 1899 id)
1262 1861 1338 1899 nicht
1359 1853 1440 1900 tybi-te
1461 1873 1534 1904 nur,
1555 1867 1676 1906 sonuerit
1697 1874 1768 1912 auct)
1789 1875 1855 1916 fabe

213 1921 271 1951 unb
292 1927 366 1959 gang
386 1917 505 1954 mutnet,
527 1916 670 1955 merrte;¹‘
690 1915 873 1956 reprehendit
893 1915 1088 1955 Madvigium,
1109 1916 1159 1957 qui
1179 1917 1271 1957 „quin
1292 1918 1371 1957 ego“
1391 1918 1572 1953 scribendum
1593 1933 1700 1966 censet,
1726 1931 1802 1970 quod
1830 1933 1860 1963 εἰ

213 1976 252 2005 ita
272 1973 481 2005 immutaveris:
503 1972 595 2012 „quin
616 1971 646 2002 id
667 1972 758 2011 ego,“
779 1981 882 2001 vereor
901 1982 938 2001 ne
959 1971 1113 2001 admodum
1134 1971 1285 2012 probabile
1304 1972 1398 2003 videri
1419 1973 1538 2014 debeat3
1559 1989 1653 2019 neque
1672 1983 1747 2014 enim
1769 1986 1855 2025 quid-

214 2040 301 2069 quam
326 2035 493 2069 paemen,
518 2027 573 2057 „isi
597 2026 698 2066 „quod
726 2037 783 2056 „on
811 2027 888 2065 0g0‘6
915 2025 986 2056 ferri
1005 2027 1128 2067 poterit,
1154 2027 1230 2067 quod
1251 2026 1350 2057 nescio(
1369 2038 1404 2058 an
1425 2030 1603 2073 praeferam,
1624 2038 1758 2076 quoniam
1780 2052 1857 2081 quae

213 2083 310 2115 statim
338 2083 484 2113 iteraretur
509 2082 643 2122 negatio,
670 2081 810 2112 facillime
837 2081 929 2111 omitti
953 2082 1045 2122 primo
1071 2083 1135 2113 loco
1155 2082 1256 2123 potuit.
1298 2083 1379 2113 Idem
1400 2085 1516 2127 Philipp
1536 2096 1608 2120 orat.
1629 2093 1684 2123 111.
1706 2094 1779 2136 Gap.
1803 2097 1852 2127 13.

212 2141 238 2178 ᾧ.
259 2139 312 2169 33.
363 2138 502 2176 „Nullum
523 2143 635 2179 tempus
655 2153 694 2161 —
715 2136 871 2175 dimittam,
893 2154 931 2160 —
953 2137 1020 2177 quin
1042 2137 1079 2167 de
1099 2137 1231 2168 libertate
1251 2138 1352 2179 populi
1371 2141 1509 2181 Romani,
1531 2143 1568 2174 de
1587 2145 1726 2186 dignitate
1745 2158 1852 2191 vestra,

211 2194 288 2235 quod
316 2193 499 2233 cogitandum
525 2193 582 2231 sit,
607 2192 750 2233 cogitem,
776 2192 852 2233 quod
878 2193 1021 2232 agendum
1049 2199 1136 2233 atque
1160 2193 1340 2232 faciendum,
1369 2194 1399 2225 id
1426 2207 1482 2227 non
1509 2198 1595 2230 modo
1621 2212 1767 2244 recusem,
1800 2208 1852 2239 sed

212 2251 295 2281 etiam
322 2254 458 2291 appetam
485 2254 570 2289 atque
590 2248 766 2289 deposcam“
787 2247 852 2287 ubi,
878 2248 955 2288 quod
977 2255 1020 2278 est
1039 2248 1068 2278 in
1090 2248 1193 2287 codd.;
1221 2260 1301 2288 „non
1329 2250 1413 2281 modo
1439 2263 1496 2282 non
1523 2259 1675 2287 recusem“
1703 2267 1764 2291 erat
1790 2262 1852 2293 sine
