2065 2670
964 93 1056 124 XXI

188 189 294 220 {inerint
312 190 346 227 ii,
366 190 415 231 qui
434 189 475 221 ita
494 190 531 221 de
550 189 705 221 honoribus
725 188 754 221 et
773 190 810 221 do
830 190 909 221 fama
928 190 1062 232 populari
1075 189 1256 230 judicarent,
1276 189 1368 220 fuisse
1387 189 1489 220 videas
1510 200 1570 229 eos,
1591 191 1641 231 qui
1659 201 1691 221 se
1710 201 1767 221 non
1788 191 1830 220 si-

188 246 329 276 mularent
353 245 393 277 ita
418 246 540 285 sentire,
569 246 620 277 sed
647 257 716 278 vere
743 246 784 277 ita
807 245 961 285 sentirent,
992 245 1042 286 qui
1066 256 1123 276 non
1143 251 1202 275 tam
1220 244 1352 276 invidere
1373 244 1475 275 ceteris
1495 251 1625 276 naturam
1645 246 1829 286 magistram,

188 302 276 340 quan:
287 300 345 342 ipsi
356 300 489 341 ignorare
508 300 682 340 viderentur,
703 301 752 342 qui
771 312 827 332 non
847 301 934 331 modo
953 300 1051 332 verbis
1070 300 1267 331 collaudarent
1286 310 1320 330 ac
1339 299 1539 341 praedicarent
1554 300 1686 341 imperia,
1709 299 1830 330 honores

187 360 216 384 et
235 365 311 395 quae
329 355 441 396 reliqua
460 361 527 386 sunt
546 355 607 395 ejus
626 356 753 395 generis,
780 356 833 387 sed
853 367 885 386 re
904 362 932 386 et
951 355 1035 386 factis
1054 355 1111 396 ipsi
1131 366 1167 385 ea
1179 354 1304 385 maxime
1323 361 1510 395 sequerentur
1526 362 1612 395 atque
1640 361 1826 396 expeterent;

187 420 308 450 quorum
321 422 378 449 non
389 410 550 452 praeceptis
564 410 694 450 instituti,
707 411 759 441 sed
774 410 951 442 sermonibus
964 417 992 442 et
1004 411 1093 442 multo
1101 411 1193 451 magis
1205 410 1345 452 exemplis
1365 410 1474 441 inducti
1493 410 1703 448 adolescentes,
1722 409 1832 451 optima

185 470 326 506 petentes,
347 466 386 496 ad
401 465 528 506 pessima
540 465 727 497 deferrentur.
767 467 868 506 Itaque
887 465 961 496 haec
981 466 1112 506 quamvis
1133 466 1275 507 speciosa,
1296 473 1390 496 tamen
1411 466 1467 496 sibi
1486 456 1550 516 1·sz
1562 475 1726 506 repugnare
1746 465 1831 494 vide-

184 525 230 551 tur
255 520 411 559 sententia;
437 532 490 552 nec
515 532 584 553 vero
604 520 719 552 memini
739 532 785 552 me
805 521 920 561 legere,
947 533 1033 562 quum
1048 521 1181 562 judicare
1200 532 1257 552 non
1278 521 1315 552 de
1335 532 1406 552 vera
1425 520 1512 552 animi
1532 520 1689 559 sententia,
1720 519 1772 550 sed
1794 519 1831 550 de

183 574 250 605 {icta
270 576 395 615 quadam
415 576 511 618 specie
530 576 717 607 simulationis
738 576 889 607 diceretur.
936 578 1052 614 Quare,
1080 588 1167 617 quum
1187 577 1250 606 sine
1270 576 1358 606 dubio
1379 584 1511 617 corrupta
1530 576 1666 606 librorum
1688 576 1830 617 scriptura

182 628 235 668 sit,
255 641 350 671 neque
369 642 404 662 ea
423 638 500 663 recte
519 642 538 662 a
557 630 674 661 summis
694 630 764 661 viris
784 631 934 661 emendata
955 642 1019 661 esse
1039 631 1189 668 videatur,
1216 642 1273 661 non
1295 631 1364 670 erit,
1385 638 1416 661 ut
1436 631 1548 672 opinor,
1568 630 1593 660 is
1614 630 1829 672 reprehenden-

182 683 248 722 dus,
269 685 319 725 qui
338 686 425 716 aliam
444 686 501 717 sibi
521 686 663 726 quandam
675 686 846 716 emendandi
866 686 943 717 viam
962 686 1180 725 ingrediendam
1199 693 1291 727 putet,
1312 686 1397 717 etiam
1417 687 1442 716 si
1462 686 1539 716 idem
1561 686 1589 716 ei
1608 686 1730 724 accidat,
1751 686 1827 725 quod

182 738 283 770 ceteris
304 739 452 780 omnibus,
472 747 504 771 ut
523 740 562 772 ad
581 741 623 781 id,
643 741 720 783 quod
739 740 827 781 velit,
852 751 909 772 non
928 741 1089 783 perveniat.
1130 742 1229 782 Atque
1249 752 1315 781 ego,
1337 752 1424 782 quum
1455 740 1485 771 in
1506 740 1685 771 emendando
1712 740 1828 770 minima

182 805 313 836 quaeque
333 807 351 827 a
370 796 507 827 librorum
526 797 585 828 fide
605 797 741 828 discessio
761 797 885 828 maxime
899 798 1120 836 commendetur,
1141 797 1224 828 unius
1241 797 1341 829 literae
1361 797 1555 829 immutatione
1571 796 1642 827 mihi
1662 796 1743 827 visus
1763 808 1827 827 sum

180 850 223 890 id,
244 851 320 891 quod
340 862 484 893 cuperem,
504 863 592 894 posse
611 853 735 884 efficere.
776 852 825 883 Sic
845 852 920 883 enim
939 853 1060 884 arbitror
1080 863 1098 883 a
1119 852 1256 883 Cicerone
1276 852 1410 894 scriptum
1431 853 1538 883 fuisse:

323 913 381 946 „ut
402 907 485 937 nobis
504 907 613 947 optime
631 914 771 938 naturam
790 908 816 938 ii
833 908 939 938 vidisse
958 908 1116 938 videantur
1135 925 1175 931 —
1195 908 1248 947 qui
1257 908 1480 947 ,Ῐιιᾰίοιινιιηίέ6

258 965 320 1002 lta,
344 963 452 1004 inquit,
472 963 612 995 inficimur
632 964 796 1005 opinionum
815 964 974 1005 pravitate,
996 976 1014 996 a
1033 971 1192 1005 naturaque
1213 964 1415 1004 desciscimus,
1435 976 1490 996 non
1512 971 1544 996 ut
1563 964 1686 996 nolimus
1707 964 1823 1006 quidem

178 1017 261 1056 sequi
279 1023 421 1053 naturam,
441 1018 494 1047 sed
515 1024 556 1056 ut,
577 1018 646 1057 quid
667 1028 703 1047 ea
724 1019 861 1058 postulet,
889 1018 957 1057 quid
977 1025 1125 1058 sequatur,
1153 1019 1328 1057 ignoremus,
1355 1026 1440 1058 atque
1459 1020 1490 1048 id
1510 1020 1605 1059 ipsum
1625 1020 1749 1049 maxime
1770 1030 1824 1048 na·

177 1072 269 1114 turale
289 1084 355 1105 esse
375 1072 538 1116 opinemur,
568 1072 645 1115 quod
671 1072 708 1105 sit
735 1079 832 1105 contra
856 1080 986 1105 naturam
1014 1073 1150 1105 maxime.
1190 1074 1288 1116 Atque
1314 1074 1387 1106 haec
1412 1073 1482 1106 mihi
1501 1074 1643 1106 sententia
1670 1082 1699 1106 et
1719 1086 1771 1113 per
1791 1085 1824 1105 se

176 1129 264 1168 plana
284 1139 319 1158 ac
337 1129 491 1169 perspicua
511 1140 576 1158 esse
595 1129 725 1167 videtur,
751 1136 779 1159 et
800 1140 863 1158 cum
883 1130 1115 1159 antecedentibus
1142 1131 1248 1170 optime
1269 1141 1442 1169 congruere,
1471 1138 1500 1160 et
1519 1131 1555 1159 iis
1577 1131 1718 1169 denique,
1746 1140 1822 1169 quae

176 1188 342 1224 sequuntur,
363 1181 479 1223 egregie
499 1182 670 1214 confirmari.
711 1184 838 1221 Quorum
858 1193 905 1223 ea,
926 1193 1001 1224 quae
1020 1183 1151 1225 proxima
1171 1190 1250 1224 sunt,
1272 1184 1358 1215 liceat
1377 1184 1432 1215 hoc
1452 1184 1515 1215 loco
1536 1184 1710 1225 adjungere,
1731 1194 1821 1226 prop-

174 1246 253 1271 terea
273 1238 350 1280 quod
370 1239 399 1269 in
419 1238 465 1269 his
492 1250 605 1279 quoque
625 1239 750 1271 turbavit
769 1240 916 1271 Klotzius.
957 1239 1006 1270 Sic
1025 1239 1112 1279 igitur
1137 1239 1237 1271 Cicero
1258 1241 1369 1281 pergit:
1397 1240 1458 1279 „ad
1480 1251 1568 1280 qnam
1585 1241 1675 1271 fertur
1695 1240 1819 1281 optimus

174 1294 312 1334 quisque;
338 1304 495 1333 veramque
514 1293 594 1323 illam
614 1294 790 1324 honestatem
811 1301 965 1334 expetens,
991 1304 1104 1332 „quam
1124 1306 1185 1323 una
1205 1301 1316 1323 natura
1335 1296 1468 1324 maxime
1489 1296 1631 1333 inquirit,
1658 1295 1686 1324 in
1708 1306 1820 1324 summa

173 1349 308 1383 inanitate
327 1355 476 1388 versatur,
505 1355 738 1392 consectaturque
758 1349 868 1382 nullam
889 1348 1059 1381 eminentem
1079 1348 1204 1391 effigiem
1226 1349 1350 1390 tit-tutis,
1371 1349 1424 1381 sed
1444 1350 1643 1383 adumbratam
1664 1348 1817 1390 imaginem

171 1407 316 1446 gloriae.“

249 1459 298 1492 Sic
316 1470 380 1491 cum
399 1459 518 1492 Klotzio
538 1462 687 1501 Moserus3
710 1466 738 1492 et
757 1461 895 1505 praebent
916 1461 988 1493 haec
1008 1461 1093 1494 codd.
1115 1461 1255 1505 plerique.
1279 1461 1461 1505 „Anquirit“
1481 1463 1615 1492 Moserus
1638 1460 1691 1492 etsi
1712 1460 1817 1490 fatetur

170 1530 226 1548 non
246 1519 423 1547 incommode
442 1519 529 1547 scribi
548 1529 645 1557 posse,
665 1526 760 1548 tamen
781 1520 938 1549 cedendum
958 1531 1024 1549 esse
1043 1521 1130 1550 codd.
1150 1521 1309 1550 auctoritati
1329 1521 1451 1559 putavit.
1492 1520 1641 1557 Bentlejus
1663 1530 1727 1548 cum
1748 1520 1817 1547 Ma-

169 1570 252 1603 nucio
272 1576 300 1602 et
320 1570 462 1601 Lambino
483 1581 591 1611 „unam
599 1572 633 1610 ;“
662 1571 749 1613 idque
769 1571 872 1613 reliqui
892 1578 1060 1615 receperunt
1079 1583 1191 1611 omnes3
1213 1583 1384 1614 quamquam
1406 1572 1483 1602 male
1503 1572 1652 1611 Bentlejus
1682 1571 1815 1609 „unam“

168 1641 233 1660 esse
250 1629 338 1666 idem,
361 1629 437 1668 quod
458 1630 597 1666 „solam“
618 1629 718 1660 voluit.
757 1630 891 1660 Klotzius
913 1641 987 1667 eam,
1010 1641 1095 1669 quam
1115 1637 1219 1668 tuetur,
1240 1641 1325 1660 unam
1346 1642 1411 1660 esse
1431 1629 1610 1660 verissimam
1632 1627 1814 1668 scriptionem

167 1682 322 1721 contendit,
343 1692 465 1722 eamque
486 1682 526 1712 ita
548 1682 763 1725 interpretatur:
789 1685 873 1721 „uno
893 1683 1005 1724 gerfitt),
1027 1685 1083 1714 bae
1106 1683 1205 1722 mahte
1226 1684 1344 1722 &dyene
1366 1683 1533 1723 begebrenb,
1556 1685 1624 1713 mas
1646 1682 1689 1712 bie
1711 1684 1814 1712 &tatur

167 1740 255 1774 usseitt
276 1750 326 1778 am
345 1740 435 1777 bt’sten
456 1739 597 1779 auffudss,
619 1740 675 1778 auf
692 1740 862 1779 Stttbi'tmer
884 1750 915 1774 ιι.
937 1741 959 1779 s.
974 1742 1039 1773 11>st
1079 1741 1121 1771 At
1129 1740 1252 1781 primum
1273 1741 1408 1772 honestas
1429 1740 1484 1770 hoc
1504 1739 1567 1770 loco
1588 1751 1644 1770 non
1667 1746 1711 1770 est
1731 1742 1812 1778 „bae

166 1794 309 1834 &dyonea
328 1794 460 1834 sedjaus
472 1804 518 1832 ea,
540 1805 614 1835 quae
632 1800 675 1825 est
693 1794 734 1825 ita
754 1805 818 1824 cum
838 1795 942 1825 virtute
962 1795 1121 1835 conjuncta,
1143 1801 1173 1824 ut
1194 1795 1231 1825 ab
1252 1806 1287 1826 ea
1307 1795 1420 1835 sejungi
1440 1805 1496 1824 non
1517 1794 1609 1835 possit
1628 1795 1698 1832 „bie
1714 1796 1812 1833 umbre

166 1852 284 1892 OEbress
305 1851 409 1882 deinde
422 1852 604 1892 „expetere“
623 1862 679 1881 non
693 1857 736 1882 est
748 1851 935 1892 „begebrenff
956 1851 1056 1890 „sed“
1072 1851 1228 1892 etstreben3
1250 1858 1405 1893 postremo,
1419 1850 1661 1892 quemadmodum
1681 1850 1812 1892 „optime

163 1907 316 1938 invidere“
343 1917 400 1936 non
420 1912 464 1935 est
488 1905 618 1944 „callide
638 1906 832 1945 subducere,“
865 1906 907 1936 sic
931 1906 1080 1945 „maxime
1099 1906 1265 1946 inquirere“
1292 1917 1348 1936 non
1369 1913 1412 1936 est
1440 1906 1576 1947 „optime
1596 1906 1811 1944 investigare;“

162 1962 260 2002 itaque
284 1961 358 1991 nihil
385 1960 479 1991 attulit
505 1960 557 1991 ille
581 1961 637 1991 nisi
661 1961 777 1992 falsum.
817 1963 920 2001 Neque
946 1972 1015 1991 vero
1041 1961 1247 1992 nominativum
1276 1972 1355 1999 „una
1363 1963 1397 1999 ,“
1429 1972 1517 2000 quum
1545 1960 1582 1989 sit
1609 1960 1637 1989 in
1665 1960 1811 2001 plerisque

161 2017 266 2057 codd„
286 2027 344 2047 non
363 2014 541 2046 retinendum
561 2022 647 2058 puto,
667 2027 723 2047 non
744 2027 800 2057 quo
819 2015 893 2046 haec
913 2014 983 2046 mihi
1002 2015 1103 2047 melior
1124 2027 1188 2047 esse
1208 2016 1348 2047 sententia
1369 2016 1518 2054 videatur,
1540 2015 1592 2045 sed
1614 2015 1681 2055 quia
1702 2022 1811 2046 utram—

160 2083 217 2113 que
236 2071 404 2112 scripturam
424 2069 510 2101 video
531 2072 679 2102 commode
699 2071 835 2112 explicari
858 2082 962 2112 posse,
994 2071 1106 2102 etiamsi
1125 2072 1201 2102 male
1221 2072 1258 2102 sit
1279 2072 1370 2102 altera
1390 2082 1409 2102 a
1429 2070 1549 2101 Klotzio
1570 2071 1726 2111 explicata.
1770 2072 1811 2101 11-

159 2127 211 2159 lud
230 2125 346 2164 dubito,
372 2136 440 2156 num
459 2131 536 2156 recte
554 2125 664 2158 dicatur
683 2132 784 2157 natura
803 2117 981 2156 honestatem
1000 2125 1162 2166 inquirere3
1192 2137 1285 2167 neque
1306 2126 1399 2164 enim,
1426 2126 1504 2166 quod
1525 2136 1580 2165 ego
1603 2124 1711 2162 sciam,
1738 2126 1811 2156 solet

159 2183 214 2214 hoc
234 2182 354 2214 verbum
373 2192 409 2212 eo
428 2180 513 2212 modo
534 2181 637 2213 Cicero
657 2192 814 2223 usurpare,
834 2187 866 2212 ut
885 2180 958 2211 nihil
978 2181 1026 2219 sit,
1044 2181 1100 2212 nisi
1120 2193 1276 2222 quaerere,
1299 2189 1383 2212 aucta
1404 2181 1530 2222 quodam
1550 2180 1636 2211 modo
1658 2188 1685 2211 et
1706 2181 1810 2221 ampli-

160 2238 245 2269 ficata
265 2236 296 2269 vi
315 2236 401 2276 hujus
421 2235 520 2275 verbi,
549 2242 580 2266 ut
599 2236 758 2267 Kuelmero
778 2235 912 2274 videtur3
939 2235 991 2266 sed
1011 2235 1051 2266 ita
1070 2236 1239 2277 plerumque
1260 2236 1345 2266 dicit:
1374 2236 1541 2276 „inquirere
1562 2235 1591 2265 in
1612 2237 1706 2274 rem,“
1733 2235 1810 2274 quod

1216 2291 1318 2312 *aa*
