2065 2670
1117 195 1187 227 VII

324 296 389 327 'u'lla
409 295 585 327 dubitatione
603 295 820 338 recipiendum,
845 295 919 327 haec
938 294 1062 336 intelligi
1080 294 1144 326 vult
1163 296 1245 334 ,Ιῦαό
1265 293 1329 329 mill
1350 295 1389 334 id)
1412 294 1487 335 nicht
1506 296 1709 337 guritchvetfoet
1730 297 1835 335 (tutin,
1855 299 1978 337 (cubem

325 354 398 392 oud>
420 354 557 391 erftteben
577 355 637 385 unb
657 352 811 391 (θώρακ’
849 352 982 393 Denique
1002 351 1039 382 de
1059 350 1149 383 divin.
1171 351 1223 388 lib.
1245 353 1270 383 1.
1297 362 1363 394 cap.
1382 352 1433 384 55.
1456 353 1480 392 ᾗ.
1502 351 1573 384 124.
1600 352 1674 384 haec
1694 359 1780 384 sunt:
1810 353 1904 392 „mihi
1924 365 1976 384 au-

327 416 384 439 tem
405 409 443 439 ad
463 410 534 447 hoc,
560 409 599 439 de
620 419 676 448 quo
697 408 827 448 disputo,
853 407 1033 449 probandum
1053 407 1123 437 satis
1144 413 1204 446 est,
1230 418 1286 437 non
1307 408 1392 438 modo
1412 408 1513 449 plura,
1541 407 1594 438 sed
1615 407 1702 438 etiam
1722 407 1859 449 pauciora
1880 407 1977 439 divine

324 472 482 505 praesensa
502 470 530 495 et
550 463 698 505 praedicta
717 464 871 506 reperiri.“
909 464 995 501 Quae
1020 463 1112 493 verba
1133 463 1207 493 nihil
1232 464 1362 504 profecto
1389 464 1514 503 habent,
1544 464 1574 494 in
1604 475 1660 503 quo
1688 463 1752 503 qais
1781 471 1857 494 recte
1883 464 1976 505 possit

326 518 490 558 offendere,
516 519 602 550 modo
623 519 663 550 ita
683 520 827 561 explices:
862 518 957 557 „mihi
977 517 1047 548 satis
1068 524 1128 556 est,
1156 528 1213 547 non
1231 519 1318 549 modo
1339 526 1369 549 ut
1388 520 1490 560 plura,
1523 530 1609 560 quam
1630 526 1711 557 sunt,
1740 519 1793 549 sed
1814 518 1917 557 etiam,
1945 526 1975 549 ut

325 574 463 616 pauciora
483 590 522 598 —
543 574 778 617 „reperiantur.“
827 573 883 605 Hic
908 584 978 605 vero
1003 572 1060 605 ita:
1088 573 1170 613 „mir
1190 574 1275 614 teidyt
1296 577 1328 607 es
1351 575 1420 607 abet
1440 585 1503 616 gum
1523 576 1653 614 zemeife
1675 584 1733 607 non
1755 577 1837 614 bem,
1866 584 1975 607 mocon

326 630 366 669 id>
394 631 523 670 {etenim
550 631 617 671 bin,
644 633 702 671 θαβ
729 631 804 668 nicht
830 630 955 670 mebrere
983 630 1088 669 αΙΙείη,
1124 631 1247 670 sancero
1275 632 1345 670 aud)
1372 632 1514 673 menigere
1542 631 1643 672 muge
1663 640 1695 664 11.
1716 632 1739 670 f.
1760 633 1824 664 m.“
1864 630 1974 661 Omitto

326 691 440 726 cetera,
461 687 542 717 velut
561 687 652 717 illud:
680 695 821 725 „marum
844 689 880 726 sne
900 687 975 725 nicht
995 695 1028 727 3¹¹
1050 688 1148 719 tabem
1170 687 1275 726 altem,
1303 689 1425 726 sonbern
1446 689 1517 726 aud)
1539 697 1573 728 δυ
1595 687 1724 727 Iobcn;‘¹
1744 686 1831 725 satis,
1858 693 1889 717 ut
1909 686 1975 728 opi-

324 751 394 781 nor,
422 741 591 783 apparebit,
619 741 691 771 haec
712 741 823 781 omnia,
852 742 955 783 quibus
980 742 1044 783 ipse
1070 742 1207 772 Klotzius
1232 743 1280 781 id,
1307 743 1383 783 quod
1404 743 1569 784 praecepit,
1598 754 1684 783 quem
1704 742 1741 772 ad
1762 742 1876 772 modum
1897 749 1974 773 esset

324 797 523 835 efficiendum,
552 796 774 835 demonstravit,
801 797 873 827 nihil
899 798 1006 828 habere
1034 798 1090 828 nisi
1115 808 1236 839 pravam
1262 798 1406 838 quandam
1435 805 1463 828 et
1488 809 1656 839 perversam
1677 805 1845 828 structuram
1866 797 1971 827 verbo-

323 863 404 891 rum,
432 862 489 892 qua
510 852 574 892 quis
595 851 710 881 tandem
731 852 806 882 effici
825 859 922 893 putet,
948 858 995 890 ut,
1022 863 1096 893 quae
1116 853 1174 883 siut
1193 854 1290 894 inepta
1310 864 1363 895 per
1382 864 1431 892 se,
1452 863 1488 884 ea
1508 863 1580 883 sana
1599 864 1665 884 esse
1686 852 1859 884 videantur?
1900 854 1973 883 Pro-

322 907 390 939 inde
416 914 601 950 praeceptum
627 907 700 938 illud
728 907 783 939 viri
809 908 965 939 doctissimi
992 908 1100 939 tamdiu
1126 920 1179 950 pro
1204 909 1296 939 nihilo
1321 909 1460 940 ducamus
1479 909 1594 948 licebit,
1625 910 1716 939 donec
1743 909 1807 950 ipse
1827 919 1884 939 nou
1905 920 1971 939 esse

321 964 450 995 absurda
471 975 523 1002 ea,
544 974 619 1003 quae
639 974 676 993 ex
696 974 730 994 eo
751 969 976 1004 consequantur,
995 963 1172 1004 probaverit.

403 1020 463 1050 Sed
478 1020 541 1059 jam
562 1018 632 1049 satis
653 1018 706 1048 erit
727 1018 765 1049 ad
785 1018 827 1057 id,
854 1019 932 1059 quod
953 1018 1024 1057 dixi,
1049 1019 1240 1060 probandum,
1260 1031 1317 1051 non
1337 1020 1423 1051 modo
1442 1020 1537 1061 plura,
1557 1019 1610 1050 sed
1631 1019 1717 1050 etiam
1736 1019 1874 1060 pauciora
1893 1020 1971 1050 male

323 1087 341 1107 a
361 1076 480 1107 Klotzio
502 1074 623 1104 defensa
643 1080 693 1104 aut
714 1073 858 1115 explicata
878 1073 1008 1115 reperiri.
1049 1076 1151 1115 Itaque
1170 1075 1266 1116 placet
1279 1075 1343 1115 jam
1363 1075 1401 1106 ad
1423 1086 1457 1106 ea
1477 1075 1614 1114 transire,
1637 1086 1711 1116 quae
1729 1074 1802 1105 mihi
1822 1075 1970 1105 tractanda

320 1141 537 1173 proposueram.
588 1131 690 1170 Neque
716 1129 791 1159 enim
816 1129 847 1159 id
873 1140 951 1160 eram
978 1137 1108 1169 acturus,
1137 1137 1168 1160 ut
1186 1131 1259 1161 nihil
1280 1131 1335 1161 nisi
1356 1138 1452 1162 contra
1471 1131 1620 1161 Klotzium
1642 1131 1835 1171 disputarem,
1865 1130 1918 1161 sed
1939 1137 1970 1161 ut

320 1186 358 1217 de
378 1186 450 1217 locis
469 1184 632 1223 nonnullis,
660 1185 724 1226 ipse
745 1185 814 1224 quid
835 1185 988 1223 sentirem,
1015 1196 1205 1226 exponerem3
1238 1197 1338 1216 verum
1358 1186 1388 1216 id
1409 1186 1488 1225 fieri,
1516 1186 1573 1217 nisi
1593 1186 1761 1216 refellendis
1781 1196 1880 1215 eorum
1900 1196 1969 1215 sen-

320 1241 432 1280 tentiis,
459 1251 478 1272 a
497 1240 601 1280 quibus
622 1239 822 1278 dissentirem,
850 1251 906 1270 non
926 1240 1027 1281 potuit.
1068 1242 1114 1270 Ac
1134 1240 1256 1281 primum
1277 1241 1392 1280 quidem
1412 1242 1492 1271 locos
1512 1241 1622 1281 aliquot
1641 1251 1818 1281 proponam,
1846 1240 1894 1280 qui
1915 1251 1969 1270 nec

319 1297 436 1328 dubiam
463 1296 634 1336 scripturam
660 1294 786 1331 habent,
822 1306 915 1335 neque
941 1295 1115 1336 explicatum
1143 1295 1307 1334 difficilem,
1344 1295 1397 1326 sed
1423 1295 1494 1326 mihi
1522 1306 1578 1326 uon
1609 1302 1686 1326 recte
1712 1295 1848 1326 videntur
1873 1296 1923 1326 vel
1950 1306 1968 1326 a

317 1352 457 1391 Klotzio,
487 1351 537 1382 vel
557 1350 594 1381 ab
616 1350 682 1382 aliis
703 1350 856 1392 explicati3
895 1350 1000 1391 quibus
1021 1351 1126 1382 deinde
1146 1351 1301 1391 adjungam
1322 1351 1412 1390 alios,
1440 1362 1559 1391 quorum
1580 1358 1623 1382 est
1644 1358 1693 1382 aut
1713 1351 1868 1392 explicatio
1889 1351 1968 1381 diffi-

318 1410 412 1449 cilior,
434 1414 483 1440 aut
504 1407 590 1438 etiam
610 1407 718 1437 incerta
738 1406 865 1447 scriptio.
906 1407 1072 1437 Probabilia
1091 1418 1138 1437 me
1158 1406 1240 1447 sequi
1260 1406 1358 1446 video,
1379 1417 1432 1440 nec
1453 1417 1530 1438 eram
1547 1407 1672 1447 nescius,
1694 1418 1781 1449 quum
1802 1407 1875 1438 haec
1894 1407 1968 1439 scri-

318 1466 443 1505 bebam,
463 1464 542 1503 fore,
563 1470 595 1494 ut
614 1462 643 1493 in
663 1462 817 1493 multorum
837 1462 1074 1503 reprehensiones
1095 1463 1285 1501 incurrerem;
1318 1471 1442 1494 attamen
1463 1474 1567 1502 magua
1587 1475 1634 1493 me
1653 1475 1721 1504 spes
1741 1471 1834 1500 tenet,
1857 1475 1966 1501 eorum,

317 1533 394 1564 quae
414 1521 532 1558 dixero,
565 1519 629 1549 fore
649 1517 734 1548 etiam
755 1518 910 1555 nonnulla,
943 1528 1017 1557 quae
1036 1528 1093 1547 non
1113 1518 1200 1559 plane
1220 1518 1411 1559 improbanda
1431 1518 1582 1548 videantur
1601 1518 1654 1557 iis,
1685 1519 1734 1559 qui
1756 1518 1792 1548 de
1813 1518 1858 1548 his
1879 1519 1965 1549 rebus

313 1578 447 1620 judicare
471 1581 606 1617 possunt3
635 1573 711 1614 quod
739 1573 764 1603 si
791 1579 939 1603 assecutus
965 1584 1030 1612 ero,
1059 1584 1165 1614 operae
1190 1574 1313 1615 pretium
1341 1574 1411 1604 mihi
1436 1574 1541 1604 fecisse
1568 1574 1701 1604 videbor.
1750 1576 1884 1604 Ceterum
1911 1575 1966 1604 etsi

316 1643 410 1675 pauca
430 1642 477 1661 me
497 1630 571 1660 scire
590 1629 706 1659 minime
732 1628 849 1667 ignoro,
874 1634 986 1666 tamen,
1014 1639 1101 1667 quum
1126 1628 1191 1669 ipse
1218 1628 1353 1658 Klotzius
1380 1639 1431 1667 ea,
1459 1639 1534 1668 quae
1554 1629 1656 1667 sentit,
1682 1629 1723 1659 ita
1743 1629 1840 1669 eloqui
1860 1629 1963 1667 soleat,

318 1687 401 1729 quasi
421 1696 494 1717 unus
514 1696 575 1715 rem
594 1682 765 1726 perspiciat,
794 1693 848 1713 nec
868 1682 1023 1723 quidquam
1044 1682 1100 1713 sibi
1121 1683 1277 1714 timendum
1297 1683 1334 1714 sit
1354 1683 1464 1723 magis,
1494 1695 1579 1724 quam
1599 1695 1636 1714 ne
1656 1684 1764 1724 aliquid
1785 1684 1896 1714 nescire
1917 1684 1963 1714 vi-

316 1745 436 1781 deatur,
470 1741 568 1772 licebit
587 1740 659 1771 mihi
679 1747 755 1770 certe
777 1745 874 1770 contra
894 1749 929 1769 ea
951 1738 1102 1769 disserenti
1123 1749 1158 1769 ea
1185 1739 1226 1769 uti
1253 1739 1379 1770 oratione
1386 1762 1395 1778 ,
1429 1739 1512 1779 qnasi
1532 1739 1582 1779 qui
1601 1750 1647 1769 me
1667 1739 1755 1770 nolim
1776 1739 1869 1769 videri
1889 1739 1962 1769 nihil

315 1799 399 1830 scire.

396 1855 484 1884 Tusc.
505 1852 592 1894 Disp.
612 1853 643 1890 1,
664 1851 695 1882 2.
736 1850 849 1890 „Igitur
869 1856 896 1881 et
915 1849 1147 1891 Epaminondas,
1167 1850 1318 1891 princeps,
1340 1862 1403 1880 meo
1418 1850 1546 1890 judicio,
1568 1850 1725 1888 Graeciae,
1747 1850 1853 1880 fidibus
1873 1862 1960 1891 prae-

316 1909 394 1942 clare
415 1907 552 1939 cecinisse
572 1906 685 1946 dicitur,
714 1906 979 1947 Themistoclesque
998 1905 1108 1947 aliquot
1128 1911 1195 1936 ante
1214 1905 1308 1945 annis,
1329 1917 1416 1946 quum
1436 1905 1465 1936 in
1486 1905 1580 1947 epulis
1600 1912 1745 1936 recusaret
1764 1906 1857 1948 lyram
1868 1929 1877 1945 ‚
1905 1907 1958 1937 ha-

316 1968 392 1999 bitus
419 1971 463 1996 est
489 1962 664 1994 indoctior.“
703 1962 831 1993 Retinuit
855 1961 990 1993 Klotzius
1016 1961 1064 2001 id,
1099 1962 1176 2002 quod
1203 1968 1246 1992 est
1265 1961 1295 1992 in
1314 1961 1396 1992 libris
1417 1962 1530 2003 optimis
1550 1962 1705 2002 multisque
1725 1962 1793 1992 edd.
1818 1973 1958 2000 „recusa-

316 2023 400 2062 ret,“
428 2031 515 2061 quum
534 2019 565 2049 id
586 2020 724 2049 Ernestus
744 2025 772 2049 et
792 2020 826 2049 F.
847 2019 887 2049 A.
908 2018 1037 2048 wolfius
1057 2024 1211 2057 negassent
1231 2017 1319 2047 latine
1339 2017 1397 2047 dici
1416 2029 1513 2059 posse.
1567 2020 1658 2048 Recte
1677 2018 1729 2047 ille
1750 2018 1882 2057 quidem,
1913 2025 1958 2048 at-

314 2090 370 2121 que
394 2076 472 2108 idem
496 2074 620 2117 probant
639 2073 780 2105 Kuehner
800 2080 828 2105 et
848 2076 947 2105 Moser
954 2085 963 2112 ;
998 2073 1051 2113 sed
1072 2085 1158 2114 quum
1178 2084 1295 2106 causam
1315 2073 1390 2105 hanc
1411 2074 1582 2112 attuleruut,
1611 2073 1688 2114 quod
1710 2073 1810 2104 eodem
1831 2081 1959 2115 tempore

313 2131 540 2168 Themistocles,
570 2141 627 2170 quo
647 2137 794 2161 recusaret
813 2131 924 2173 lyram,
950 2129 1065 2160 habitus
1086 2136 1162 2160 esset
1181 2129 1339 2170 indoctior,
1366 2131 1460 2161 locum
1479 2129 1649 2160 facillimum
1669 2129 1746 2160 male
1766 2129 1959 2171 explicarunt.

313 2191 399 2221 Certe
419 2187 494 2219 enim
514 2185 539 2217 si
559 2186 650 2217 semel
669 2186 701 2217 id
720 2186 837 2218 fecisset
857 2185 1081 2225 Themistocles,
1102 2192 1133 2216 ut
1153 2194 1296 2217 recusaret
1316 2187 1426 2228 lyram,
1452 2197 1509 2216 non
1530 2187 1720 2225 ,‚recusaret“
1742 2185 1845 2216 Cicero
1866 2186 1958 2226 scrip-

314 2245 399 2282 sisset
419 2243 471 2274 sed
491 2242 710 2282 ,‚recusasset.“
757 2242 816 2273 Sed
838 2243 914 2283 quod
933 2242 1100 2284 imperfecto
1120 2253 1189 2273 usus
1210 2248 1270 2281 est,
1298 2242 1371 2272 nihil
1391 2242 1470 2272 aliud
1490 2242 1645 2284 indicavit,
1674 2241 1729 2272 nisi
1757 2241 1872 2272 solitum
1893 2253 1957 2272 esse

314 2299 536 2330 Themistoclem
555 2298 585 2328 iu
605 2298 698 2339 epulis
718 2309 850 2329 recusare
870 2299 973 2340 lyram.

396 2357 421 2386 1.
444 2356 502 2393 12,
523 2355 573 2386 26.
602 2355 813 2393 ¹„Auc10ribus
834 2355 949 2395 quidem
970 2354 1006 2386 ad
1026 2354 1110 2385 istam
1130 2354 1315 2394 sententiam,
1338 2365 1424 2395 quam
1444 2354 1507 2393 xis,
1535 2354 1671 2393 obtineri,
1693 2354 1733 2384 uti
1754 2353 1866 2395 optimis
1888 2364 1957 2394 pos-
