2065 2670
1026 125 1095 155 ΧΠ

233 234 286 265 (εις
320 233 351 258 ot
378 231 476 261 eontra
502 233 659 266 pronomen
684 223 774 262 illud,
802 223 852 254 nbi
872 232 977 253 causae
996 222 1234 262 significationem
1253 223 1358 262 habet,
1379 222 1623 263 conjnrwtionibus
1642 223 1808 255 causalibus
1829 233 1883 253 ex-

232 282 336 324 plicari
356 281 486 313 videmus
507 276 645 319 quotidie.

275 340 300 370 1.
319 337 376 375 22,
392 335 448 366 52.
489 335 597 374 „Hunc
615 332 773 372 (animum)
794 332 883 372 igitur
903 343 989 364 nosse
1009 332 1065 363 nisi
1086 331 1216 364 divinum
1233 339 1330 373 esset,
1349 344 1407 364 non
1422 340 1504 365 esset
1521 333 1579 365 hoc
1598 332 1715 365 acrioris
1734 332 1884 373 enjusdam

374 390 462 423 &ninii
483 395 684 431 praeceptum,
704 388 840 418 tributum
860 393 891 417 ut
912 387 967 417 deo
988 388 1043 426 sit,
1066 388 1135 426 (hoc
1156 390 1211 426 est)
1233 399 1266 419 se
1285 388 1380 430 ipsum
1400 389 1519 430 (posse)
1539 389 1748 429 cognoscere-‘⁶

311 448 361 479 Sic
381 448 514 477 Moserus
534 445 610 475 hunc
630 444 725 474 locum
746 442 881 484 scripsit,
902 442 983 473 varie
1006 450 1140 474 vexatum
1158 443 1199 473 ab
1217 443 1432 485 interpnetibus.
1484 447 1560 476 Nam
1580 446 1649 476 Em.
1669 443 1769 475 Wolf.
1790 443 1885 476 Orell-

231 504 397 536 Kuehnem
429 501 495 541 „sie
522 506 553 531 ut
579 498 714 530 tributum
735 498 790 529 deo
811 497 892 537 sit,“
919 504 1048 529 extrema
1076 504 1171 528 autem
1197 498 1304 536 verba,
1327 498 1410 538 „hoc
1426 521 1439 530 .
1461 520 1471 531 .
1493 520 1503 531 .
1522 522 1534 531 .
1560 500 1669 540 cogn.“
1689 505 1721 529 ut
1739 498 1885 539 glossam

232 561 391 600 ejecerunt,
423 557 559 597 idemque
578 553 732 586 Manucius
749 560 781 584 et
800 552 961 584 Lambinus
981 559 1142 584 suaserant.
1189 553 1286 584 Sensit
1306 560 1401 585 tamen
1421 554 1549 585 Orellius
1568 554 1698 585 mutilam
1717 553 1811 586 videri
1831 554 1885 585 ab·

226 615 310 657 jectis
340 613 400 645 illis
433 610 645 643 conclusionem
674 608 845 647 verborum,
878 618 914 638 ac
943 613 1095 649 practerea
1127 614 1241 640 exstant
1273 619 1311 640 en
1343 609 1435 641 verba
1461 609 1491 640 in
1515 608 1598 641 libris
1624 620 1718 652 paene
1743 610 1885 642 omnibus.

230 670 367 702 Klotzius
386 670 445 700 ita:
474 668 538 707 „sic
557 674 588 698 ut
606 666 741 697 tributum
764 675 782 695 a
802 664 857 695 deo
877 664 914 694 sit
934 663 989 694 hoc
1009 675 1042 694 se
1061 663 1156 705 ipsum
1176 676 1264 707 posse
1281 667 1492 705 cognoscet-est
1513 665 1590 706 qnod
1609 672 1654 696 est
1673 666 1703 696 in
1723 666 1788 697 cod.
1808 668 1886 706 Reg.

232 728 261 758 b.
290 733 319 757 et
344 726 374 755 in
404 724 452 756 ed.
473 725 512 754 H.
553 724 586 752 In
614 733 670 763 qno
691 721 813 763 primum
833 719 906 750 illud
926 718 1027 758 negari
1047 730 1103 750 non
1124 726 1236 762 potest,
1264 719 1506 762 praepositionem
1532 722 1597 761 ‚‚a“
1624 732 1690 753 esse
1716 721 1886 764 optimorum

232 783 317 813 codd.
347 781 408 811 sere
434 779 558 809 omnium
566 790 576 815 3
610 777 715 808 deinde
742 776 768 807 si
796 786 860 806 eam
887 775 1023 815 ejeceris,
1056 786 1113 806 non
1134 775 1227 807 videri
1248 783 1375 808 extrema
1394 777 1447 808 illa
1467 788 1533 808 cum
1552 777 1785 808 antecedentibus
1807 784 1884 808 recte

230 835 364 876 conjungi
380 844 479 876 posse,
499 833 530 862 id
548 832 625 872 quod
637 831 711 862 vidit
724 831 810 861 etiam
821 832 967 861 Mosei-us.
1008 829 1070 861 Vix
1091 830 1178 870 enim,
1200 831 1226 861 si
1247 831 1326 863 dicas
1348 832 1483 863 tributum
1501 832 1556 863 deo
1577 842 1643 863 esse
1662 832 1717 863 hoc
1737 842 1770 863 se
1789 831 1884 874 ipsum

230 903 316 934 posse
344 899 537 931 cognoscere,
570 887 649 919 aliud
676 886 833 928 quidquam
858 885 1022 926 intelligas,
1049 885 1105 917 nisi
1129 886 1219 919 illud:
1252 887 1389 919 tributum
1414 899 1481 919 esse
1505 888 1579 927 deo,
1611 894 1643 919 ut
1667 899 1700 919 se
1726 888 1791 930 ipse
1812 887 1884 919 deus

231 952 432 985 cognosceret,
460 943 536 983 quod
557 942 627 972 ferri
644 952 703 971 non
723 947 834 982 potest3
862 940 972 971 accedit
992 941 1097 980 etiam,
1119 941 1196 981 quod
1216 942 1332 974 illorum
1352 943 1478 974 virorum
1498 943 1666 975 sententiam
1686 943 1712 974 si
1731 943 1883 984 amplexus

232 1002 291 1040 sis,
317 1010 374 1031 non
394 998 530 1030 tributum
550 997 611 1037 „sit
618 997 653 1036 ,“
669 995 727 1027 ‚sed
743 996 872 1035 .„esse1“
894 995 1026 1027 videatur
1047 997 1208 1037 exspectari
1229 996 1351 1036 debere3
1369 997 1450 1039 quod
1470 1009 1540 1029 vero
1559 998 1728 1030 sententiam
1747 997 1883 1031 Klotzins

232 1057 328 1089 verbis
349 1056 428 1094 illis,
461 1065 536 1095 quae
556 1054 620 1094 ipse
640 1052 746 1090 habet,
774 1051 1032 1083 commodissimam
1053 1051 1129 1081 effici
1143 1059 1247 1094 futat,
1273 1052 1303 1083 in
1329 1064 1365 1083 eo
1386 1059 1463 1084 certe
1482 1053 1604 1085 fallitur.
1643 1056 1697 1085 Est
1714 1054 1792 1085 enim
1811 1054 1885 1091 nihil

229 1112 308 1143 aliud
328 1111 376 1150 id,
404 1109 482 1151 quod
501 1108 581 1146 vult,
609 1106 666 1137 nisi
686 1106 756 1137 hoc:
786 1106 912 1137 animum
932 1117 1018 1136 nosse
1038 1106 1094 1136 nisi
1114 1106 1244 1138 divinum
1265 1113 1360 1145 esset,
1390 1118 1447 1138 non
1473 1114 1549 1139 esset
1574 1108 1630 1139 hoc
1649 1108 1767 1140 acrioris
1786 1110 1884 1149 cujus-

228 1169 295 1199 dam
315 1165 404 1198 animi
422 1170 625 1207 praeceptum,
653 1162 695 1193 sic
715 1169 748 1193 nt
766 1160 895 1192 divinum
916 1161 990 1193 illud
1010 1161 1069 1192 sit“
1090 1173 1147 1202 quo
1168 1162 1237 1202 quid
1259 1169 1353 1204 potest
1371 1158 1439 1194 esse
1458 1163 1603 1205 ineptius?
1643 1166 1684 1196 At
1704 1164 1798 1205 qualis
1819 1175 1884 1195 esse

228 1222 368 1254 sententia
388 1220 511 1256 debeat,
530 1218 643 1249 duobus
663 1217 735 1248 locis
755 1216 842 1248 facile
858 1216 1048 1256 intelligitur,
1069 1228 1189 1257 quorum
1210 1224 1254 1248 est
1274 1218 1347 1248 alter
1367 1218 1430 1249 Fin.
1453 1220 1493 1250 V.
1516 1219 1573 1258 16,
1593 1218 1644 1250 44.
1666 1219 1776 1258 „Quod
1795 1229 1882 1261 prae-

230 1286 342 1321 ceptum
372 1276 440 1319 quia
462 1275 555 1316 majus
581 1280 658 1313 erat,
693 1283 779 1314 quam
804 1279 835 1303 nt
865 1271 902 1304 ab
928 1272 1045 1304 homine
1065 1272 1212 1305 videretur
1237 1272 1373 1312 (inveniri
1393 1277 1493 1315 posse)
1513 1273 1619 1307 idcirco
1640 1275 1818 1316 assignatum
1837 1283 1882 1306 est

230 1336 285 1365 deo
292 1335 327 1373 ‚“
347 1333 397 1374 qui
417 1333 498 1363 locus
518 1330 572 1361 etsi
591 1335 741 1369 corr-uptus
761 1335 805 1358 est
821 1345 860 1351 -
877 1328 980 1358 desunt
998 1328 1076 1358 enim
1091 1338 1148 1366 eu,
1169 1339 1245 1369 quoe
1265 1329 1345 1360 uncis
1365 1329 1470 1361 inclusi
1489 1346 1529 1353 --
1546 1330 1616 1361 satis
1637 1337 1732 1361 tamen
1752 1330 1880 1361 declarat

229 1390 276 1429 id,
307 1388 384 1430 quod
405 1387 549 1419 volumus.
589 1384 675 1415 Alter
695 1390 738 1414 est
759 1384 834 1423 Leg.
855 1384 880 1414 1.
900 1383 959 1422 22,
979 1383 1030 1414 58.
1071 1385 1178 1422 „Haec
1203 1383 1279 1416 euim
1300 1394 1356 1416 una
1379 1383 1558 1426 (snpientia)
1582 1395 1637 1415 nos
1663 1396 1750 1425 quum
1771 1392 1880 1418 ceteras

228 1458 274 1478 res
295 1455 414 1483 omnes,
440 1449 517 1481 tum,
544 1440 622 1482 quod
643 1446 687 1471 est
708 1438 925 1477 difficillimum,
957 1438 1071 1477 docuit,
1102 1445 1132 1469 ut
1152 1445 1264 1470 nosmet
1288 1438 1370 1481 ipsos
1397 1450 1595 1472 nosceremus:
1624 1441 1707 1481 cujus
1733 1442 1880 1484 praecepti

227 1508 305 1533 tanta
331 1500 398 1537 vis,
441 1504 520 1529 tanta
546 1495 686 1527 sententia
712 1501 775 1533 est,
817 1500 848 1525 ut
880 1503 916 1525 eu
948 1505 1005 1524 non
1036 1493 1144 1524 homini
1175 1494 1299 1535 cuipiam
1335 1494 1388 1526 sed
1423 1495 1566 1536 Delphico
1595 1495 1651 1526 deo
1675 1496 1880 1529 tribueretur.“

226 1561 332 1589 Notum
360 1561 404 1586 est
431 1553 522 1591 enim,
557 1551 635 1592 quod
664 1550 768 1581 multos
794 1549 892 1580 facere
922 1549 1075 1588 videmus,
1108 1555 1139 1579 nt
1165 1549 1287 1580 eandem
1314 1550 1482 1581 sententiam
1507 1551 1701 1592 compluribus
1732 1552 1804 1583 locis
1832 1563 1880 1584 re-

227 1619 339 1654 petant,
360 1610 437 1641 idem
459 1608 626 1639 Ciceronem
648 1606 761 1637 solitum
783 1616 848 1636 esse
868 1605 975 1636 facere.
1016 1606 1081 1636 Jam
1103 1615 1191 1643 vero,
1213 1616 1301 1646 quum
1321 1605 1407 1636 codd.
1430 1605 1529 1646 optimi
1549 1605 1621 1637 hoec
1641 1606 1782 1638 habeant:
1802 1609 1878 1649 Beg.

226 1667 304 1698 Gud.
326 1667 355 1697 1.
376 1666 408 1697 2.
437 1665 520 1694 Mon.
541 1663 571 1692 2.
607 1663 696 1694 Rern.
717 1667 927 1702 „praeceptum
947 1661 1081 1693 tributum
1103 1670 1121 1691 u
1143 1659 1197 1690 deo
1217 1660 1255 1690 sit
1276 1660 1331 1691 hoc
1351 1671 1383 1691 se
1404 1660 1498 1702 ipsum
1518 1672 1549 1703 p.
1566 1662 1656 1701 cog.“
1681 1662 1777 1694 Rehd.
1799 1674 1879 1701 „non

226 1722 341 1754 acrioris
362 1725 439 1751 esset
459 1718 609 1758 cujusdam
629 1716 716 1747 animi
737 1722 922 1757 praeceptum
943 1716 1078 1748 kibutum
1104 1726 1121 1746 a
1143 1715 1197 1746 deo
1224 1715 1261 1746 sit
1283 1715 1337 1746 hoc
1357 1726 1389 1746 se
1409 1715 1504 1758 ipsum
1518 1727 1555 1759 P·
1577 1727 1645 1757 agn.
1703 1717 1781 1749 Gud.
1803 1718 1878 1758 „tri-

226 1779 324 1808 butum
343 1786 361 1807 a
384 1775 439 1807 deo
460 1773 569 1804 scilicet
590 1773 645 1803 hoc
666 1783 698 1803 se
714 1772 814 1813 ipsum
834 1782 921 1813 posse
941 1772 1051 1811 cogn.“
1097 1771 1203 1804 Duish.
1227 1778 1440 1813 „praeceptum
1469 1771 1603 1803 tributum
1630 1783 1649 1803 a
1675 1773 1730 1804 deo
1758 1774 1796 1805 sit
1823 1774 1877 1805 hoc

225 1834 318 1875 ipsum
340 1842 373 1861 se
393 1842 424 1871 p.
445 1840 530 1869 cogn.
570 1830 650 1867 Aug.
680 1837 803 1868 „praem
824 1827 890 1858 nih.
912 1837 931 1857 a
951 1827 1005 1857 deo
1026 1827 1064 1857 sit
1083 1827 1139 1857 hoc
1154 1834 1188 1857 et
1207 1837 1240 1858 se
1255 1826 1354 1868 ipsum
1375 1837 1406 1867 p.
1427 1828 1537 1866 agn.;“
1564 1827 1635 1858 mihi
1654 1827 1770 1869 quidem
1792 1828 1877 1869 hujus

224 1888 280 1919 loci
299 1897 356 1926 non
374 1886 417 1918 ita
436 1884 551 1918 videtur
570 1883 697 1917 difficilis
718 1893 784 1912 esse
804 1882 926 1913 sanatio.
968 1881 1094 1913 Videtur
1119 1882 1195 1913 enim
1222 1893 1286 1913 eam
1313 1882 1351 1913 ob
1375 1892 1492 1912 causam
1518 1882 1731 1924 praepositio&
1751 1884 1877 1915 librarii-s

225 1944 330 1973 insana
345 1951 421 1978 esse,
442 1939 532 1980 quod,
552 1938 712 1977 „tributum
727 1938 805 1970 ‹leo“
827 1937 897 1977 quid
918 1943 1006 1974 essct,
1027 1948 1083 1966 non
1097 1936 1167 1967 satis
1182 1937 1387 1975 intelligerent,
1409 1947 1461 1966 nec
1478 1944 1664 1978 praeceptum
1685 1939 1804 1979 aliquod
1825 1941 1875 1970 tri-

226 1997 275 2027 bui
294 2007 380 2038 posse
400 1995 439 2026 ab
458 1993 623 2026 hominibus
650 1992 705 2024 deo
730 1997 878 2033 putarent,
908 1990 995 2030 „31⁴⁴
1023 1998 1118 2022 autem
1146 2002 1182 2022 ex
1209 1990 1423 2032 compendiaria
1449 1991 1589 2033 scriptura
1615 1993 1694 2024 vocis
1720 1994 1875 2033 ‚,scilicet“

226 2060 318 2084 ortum
336 2063 401 2083 esse
419 2048 602 2083 crediderim.
644 2047 786 2086 Quocirca
812 2046 853 2077 ita
878 2046 1061 2079 scribendum
1081 2058 1147 2078 esse
1167 2046 1305 2078 arbitror:
1340 2047 1434 2077 Hunc
1453 2047 1549 2086 igilur
1567 2059 1649 2079 nosse
1668 2049 1728 2080 nisi
1746 2049 1877 2082 divinum

226 2113 312 2144 esser,
332 2117 390 2136 mm
408 2112 480 2137 esset
494 2106 556 2137 ,hnc
575 2104 704 2136 acria-is
724 2101 880 2142 cujusdam
898 2102 994 2133 animi
1008 2108 1204 2142 praeceptum
1222 2101 1369 2132 tributmn
1388 2101 1445 2132 deo
1450 2114 1462 2140 ‚-
1483 2102 1597 2134 scilicet
1610 2104 1666 2134 Ιιοο
1679 2109 1722 2134 est
1736 2115 1767 2135 se
1783 2105 1878 2146 ipsum

222 2174 308 2205 posse
323 2163 520 2200 agnoscat!
559 2159 608 2190 Sic
618 2166 649 2190 et
663 2158 735 2190 haec
757 2168 837 2197 „non
849 2163 926 2188 esset
940 2156 995 2188 hoc
1010 2157 1128 2188 acrioris
1142 2156 1292 2197 cujusdem
1304 2157 1392 2188 animi
1408 2159 1615 2199 praeceptum“
1630 2170 1715 2200 quae,
1738 2167 1769 2191 ut
1785 2168 1876 2201 erant,

226 2220 287 2250 sola
310 2229 362 2259 per·
382 2227 415 2246 se
436 2215 544 2256 posita,
571 2224 684 2255 semper
706 2212 918 2254 displicebant,
937 2211 975 2243 ad
996 2219 1093 2253 aptam
1114 2219 1142 2243 et
1163 2212 1268 2243 bonam
1288 2213 1457 2243 sententiam
1477 2224 1541 2244 cum
1561 2213 1776 2255 insequentibus
1797 2226 1877 2248 com-

225 2273 458 2316 prehenduntur,
488 2280 579 2309 neque
599 2269 671 2299 illud
694 2268 820 2299 alienum
840 2274 900 2299 erat
921 2278 938 2298 a
960 2267 1106 2299 Ciceronis
1128 2278 1224 2307 more,
1247 2274 1295 2307 ut,
1314 2278 1388 2308 quae
1408 2276 1492 2299 autea
1513 2269 1644 2310 pluribus
1665 2269 1762 2302 verbis
1783 2283 1874 2313 expo-
