2065 2670
1147 160 1200 189 XI

346 255 481 288 acn'bemi
506 256 637 289 Ciceroni
661 256 691 288 in
717 257 813 289 animo
837 257 947 298 fuisse,
974 257 1099 300 ideoque
1124 256 1275 300 scripsisse
1296 256 1480 289 Ciceronem:
1506 257 1619 297 „ceteri
1638 256 1717 288 humi
1737 256 1940 297 retinerentur,
1969 263 1997 288 et

345 319 544 355 permanerent
568 318 662 344 tamen
669 314 705 350 ,“
732 313 808 354 quod
834 314 888 344 etsi
913 314 1028 345 videtur
1052 325 1071 345 a
1096 314 1225 355 legitima
1245 314 1399 345 verborum
1418 320 1558 345 structura
1579 313 1751 352 abhorrere,
1786 323 1843 343 non
1864 312 1997 343 abhorret

345 375 440 399 mnen
461 379 479 399 a
499 368 645 400 Ciceronis
665 368 816 400 scribendi.
828 359 1050 409 consuetudine,
1070 369 1238 411 praesertim
1258 370 1287 401 in
1308 370 1354 401 his
1376 370 1475 409 libris,
1496 369 1525 400 in
1546 369 1649 410 quibus
1666 380 1722 399 non
1739 369 1881 409 ingratam
1904 378 1997 409 quau-

347 423 413 454 dam
433 423 637 464 negligentiam
658 425 773 466 saepius
793 436 932 466 apparere
954 426 1121 455 confitentur
1140 436 1249 457 omnes.
1299 425 1400 456 Simile
1421 432 1481 456 est:
1510 426 1544 464 1,
1567 425 1624 464 10,
1644 424 1696 455 21.
1724 424 1864 465 „vimque
1885 434 1999 454 omnem

329 490 428 519 eam,
450 491 507 520 qua
527 480 577 510 vel
598 491 717 520 agamus
738 481 826 521 quid,
846 481 895 511 vel
916 480 1089 520 sentiamus,
1115 481 1144 511 in
1166 482 1296 512 omnibus
1316 481 1480 522 corporibus
1499 481 1576 511 vivis
1595 481 1786 521 aequabiliter
1807 492 1873 511 esse
1892 481 1998 518 fusam,

346 546 399 566 nec
419 534 611 576 separabilem
632 546 650 566 a
671 546 788 577 corpore
808 546 890 567 esse:
923 535 1030 578 quippe
1051 547 1126 577 quae
1146 537 1227 567 nulla
1248 536 1303 575 sit,
1330 547 1382 566 nec
1403 536 1439 566 sit
1460 535 1633 576 quidquam,
1661 535 1718 566 nisi
1737 546 1842 578 corpus
1863 547 1951 567 unum
1972 543 2000 566 et

345 590 489 632 simplex,
509 591 549 621 ita
568 592 737 631 figuratum,
758 597 789 621 ut
808 591 1011 632 temperatione
1031 599 1149 623 naturae
1169 592 1268 632 vigeat
1289 599 1316 623 et
1337 592 1479 623 sentiat.“
1526 592 1575 630 V,
1597 592 1653 630 13,
1673 591 1725 623 38.
1765 594 1826 631 „Et
1847 599 1877 623 ut
1898 591 2000 622 bestiis

346 645 425 676 aliud
446 645 496 676 alii
515 646 663 688 praecipui
684 656 702 677 a
723 652 823 676 natura
843 645 940 677 datum
961 653 1021 686 est,
1043 647 1119 688 quod
1141 659 1223 679 suum
1244 658 1375 689 quaeque
1395 646 1497 678 retinet
1516 656 1569 677 nec
1589 645 1711 677 discedit
1730 646 1768 677 ab
1789 649 1859 679 eo.“
1899 648 1999 688 Atque

346 713 380 732 eo
401 701 482 742 ipso,
504 703 582 742 quod
602 713 619 732 a
640 702 755 741 vulgari
776 703 841 741 lege
862 702 934 732 lmec
955 704 1143 741 recedebant,
1164 703 1270 733 sactum
1292 710 1352 740 est,
1376 710 1404 732 ut
1425 709 1682 742 corrumperentur.

385 758 417 796 1,
438 758 494 795 13,
515 757 566 787 29.
607 756 666 787 Sed
694 756 742 797 qui
766 757 891 787 noudum
918 768 970 796 ea,
1008 768 1081 798 quae
1102 758 1198 788 multis
1219 765 1283 799 post
1304 757 1386 788 aunis
1407 757 1539 787 tractari
1557 757 1737 798 coepissent,
1771 757 1895 800 physica
1922 756 1998 787 didi-

489 812 611 851 cissent,
630 818 739 842 tautum
758 811 813 842 sibi
832 819 1048 853 persuaserant,
1078 820 1213 853 quantum
1233 820 1334 844 natura
1355 812 1526 843 admonente
1547 814 1766 853 cognoverant“
1785 820 1842 845 etc.

423 867 546 907 Recepit
564 866 700 897 Klotzius
719 866 767 905 id,
800 867 876 906 quod
898 874 941 897 est
960 867 989 897 in
1010 868 1184 907 quibusdam
1202 868 1286 898 bonis
1305 868 1404 898 libris:
1432 874 1567 897 tractare
1586 879 1639 908 pro
1659 868 1807 904 tractari,
1828 867 1906 907 quod
1926 878 1999 897 sane

344 921 452 961 habet,
484 933 541 963 quo
561 921 644 963 quasi
664 921 788 962 flagitari
808 922 957 962 videatur,
983 930 1157 953 constantem
1178 923 1240 954 fere
1260 923 1337 965 apud
1360 923 1450 968 bonosss
1470 922 1623 965 scriptores
1643 922 1782 953 sermonis
1802 934 1903 962 usum,
1939 934 1997 963 quo

343 989 399 1008 non
420 978 507 1016 „fieri
528 978 621 1018 coepit
640 977 773 1017 aliquid“
793 978 845 1008 sed
866 979 952 1016 „fieri
968 986 1100 1019 coeptum
1120 981 1186 1009 est“
1207 979 1309 1009 dicitur
1316 990 1326 1016 3
1347 966 1400 1008 sed
1420 978 1497 1018 quod
1517 985 1605 1017 negat
1623 979 1717 1019 ipsam
1737 979 1918 1017 senteutiam,
1940 988 1997 1018 quo

343 1032 439 1063 nunus
457 1032 498 1063 itn
517 1032 669 1071 scribatur,
689 1043 861 1073 repugnare,
882 1045 969 1074 quum
989 1033 1027 1064 ad
1048 1033 1213 1064 universum
1234 1033 1378 1064 hominum
1399 1044 1490 1073 genus
1512 1044 1557 1072 ea,
1578 1044 1653 1074 quae
1674 1033 1822 1072 dicantur,
1843 1032 1998 1064 reserenda

344 1088 420 1128 siut,
448 1087 616 1131 possintque
635 1088 708 1119 haec
727 1088 798 1119 satis
818 1089 966 1120 commode
985 1089 1025 1120 ita
1044 1096 1141 1120 nostro
1167 1100 1298 1121 sermone
1323 1089 1423 1120 reddi:
1457 1089 1563 1128 ss‘lBet'I
1584 1099 1654 1122 matt
1675 1091 1794 1122 hamale
1816 1089 1861 1121 bie
1881 1088 1997 1129 Dinge'

344 1145 447 1183 metae
476 1152 545 1176 mun
574 1145 625 1181 erst
649 1144 722 1176 »tete
743 1145 837 1184 ‘Jabte
857 1145 979 1184 nadyber
997 1153 1031 1186 311
1052 1145 1211 1184 bebanbetn
1232 1146 1354 1187 anfing,
1389 1148 1447 1177 nus
1475 1147 1524 1178 ber
1552 1146 1657 1186 Spbtn‘tf
1685 1147 1753 1184 nod)
1782 1145 1859 1185 nicht
1884 1146 1997 1186 gerez-nt

345 1201 467 1239 battua
492 1199 521 1230 id
543 1201 620 1230 male
645 1200 716 1230 mihi
741 1200 854 1231 videtur
873 1201 981 1231 facere.
1041 1200 1167 1230 Primum
1188 1201 1263 1231 euim
1283 1201 1353 1231 licet
1372 1208 1468 1231 nostro
1489 1213 1620 1232 sermone
1640 1201 1681 1232 ita
1701 1201 1774 1232 haec
1795 1201 1852 1231 dici
1871 1200 1995 1242 possint,

343 1262 375 1287 ut
393 1255 465 1287 nihil
485 1255 539 1294 sit,
568 1254 597 1285 in
619 1266 674 1295 quo
695 1255 846 1295 offendas,
872 1255 960 1287 latine
981 1262 1076 1287 tamen
1096 1267 1153 1286 nou
1173 1263 1308 1297 possunt3
1342 1267 1435 1296 neque
1462 1256 1534 1287 illud
1561 1257 1660 1298 „qui“
1685 1256 1724 1288 ad
1744 1267 1844 1288 omnes
1864 1255 1996 1287 homines

343 1312 480 1354 pertinet,
510 1310 562 1341 sed
588 1311 626 1341 ad
654 1322 704 1341 eos
732 1318 857 1347 tautum,
883 1310 933 1351 qui
953 1318 1018 1341 tunc
1038 1318 1137 1350 erant,
1169 1311 1218 1350 qui
1238 1310 1360 1352 physica
1381 1318 1502 1342 tractare
1522 1323 1666 1352 nunquam
1688 1319 1858 1353 coeperunt3
1891 1311 1996 1341 deinde

341 1378 412 1399 vero
432 1366 517 1398 etiam
539 1373 696 1407 temporum
716 1365 788 1397 ratio
808 1365 922 1397 videtur
942 1365 1068 1405 obstare,
1089 1377 1145 1406 quo
1165 1365 1258 1396 miuus
1279 1365 1487 1406 „coepisseuffl
1502 1377 1518 1397 a
1533 1366 1670 1397 Cicerone
1691 1366 1826 1408 scriptum
1847 1373 1995 1408 putemu53

343 1423 420 1463 quod
440 1428 516 1454 recte
536 1433 569 1452 se
589 1421 725 1460 haberet,
752 1422 778 1452 si
797 1421 838 1452 ita
857 1421 993 1462 scriptum
1015 1428 1109 1452 esset:
1141 1432 1215 1461 quae
1235 1421 1360 1451 noudum
1383 1429 1504 1452 tractare
1525 1423 1722 1463 coepissent.“
1770 1423 1826 1452 Illa
1854 1433 1924 1452 vere
1951 1422 1995 1451 ni-

342 1477 401 1508 mia
420 1477 491 1507 mihi
510 1476 625 1507 videtur
644 1487 709 1506 esse
729 1468 862 1515 migratio
879 1475 970 1515 legiS,
998 1486 1084 1516 quam
1104 1486 1160 1505 non
1181 1486 1250 1505 usus
1272 1475 1387 1515 quidam
1409 1475 1561 1515 loquendi,
1589 1476 1642 1506 sed
1662 1476 1727 1517 ipsa
1746 1476 1819 1507 ratio
1840 1486 1875 1506 ac
1894 1483 1996 1506 natura

343 1532 543 1576 praescripsit,
566 1532 592 1563 si
612 1531 681 1572 quid
702 1531 781 1562 dicas
801 1530 897 1561 multis
917 1531 1017 1571 annis,
1037 1543 1093 1562 non
1116 1538 1198 1570 ante,
1226 1531 1278 1562 sed
1299 1538 1380 1573 post,
1409 1543 1464 1561 nun
1485 1542 1549 1562 esse
1570 1531 1695 1572 sactum,
1718 1532 1770 1564 sed
1791 1532 1895 1564 fuisse.
1934 1533 1994 1562 lta-

344 1601 400 1630 que
419 1588 573 1628 legendum
593 1598 658 1617 esse
678 1586 813 1617 arbitror:
839 1597 942 1626 „quae
960 1588 1060 1616 mncltis
1076 1594 1144 1627 post
1165 1588 1251 1617 aeneis
1270 1587 1403 1616 tracturi
1421 1594 1526 1626 coz-pla
1546 1591 1652 1619 enulfi

382 1646 408 1685 1,
446 1645 479 1684 6,
499 1644 550 1675 30.
591 1642 674 1681 „Sed
694 1648 724 1672 ut
744 1642 813 1673 deos
834 1653 899 1673 esse
918 1649 1019 1673 natura
1040 1642 1206 1683 opinamur,
1227 1643 1385 1681 qualesque
1406 1641 1477 1681 sint,
1499 1642 1607 1673 ratione
1627 1643 1840 1682 cognoscimus:
1861 1644 1904 1674 sic
1923 1655 1993 1685 per-

487 1709 604 1729 manere
630 1697 741 1728 animos
761 1697 930 1728 arbitramur
950 1708 1089 1728 consensu
1111 1696 1256 1727 nationum
1277 1697 1417 1734 omuium3
1451 1707 1507 1736 qua
1533 1697 1561 1726 in
1588 1698 1658 1728 sede
1678 1705 1813 1729 maneant
1833 1699 1994 1740 qualesque

488 1755 565 1792 sint,
583 1754 692 1785 ratione
713 1753 879 1784 discendum
901 1754 979 1784 est.“

423 1810 486 1842 Etsi
506 1810 534 1840 in
555 1808 643 1850 priori
663 1808 719 1838 hoc
745 1809 945 1848 „qualesquuss‘
974 1807 1132 1837 consentire
1152 1806 1238 1837 video
1259 1806 1365 1845 libros,
1399 1814 1492 1838 tamen
1515 1808 1668 1838 delendum
1690 1820 1756 1840 esse
1776 1811 1900 1842 arbitror
1919 1811 1992 1841 illud

344 1868 458 1910 „que‚“
480 1864 557 1908 quod
577 1864 719 1905 quomodo
740 1863 900 1906 irrepserit,
922 1862 1007 1894 facile
1028 1862 1211 1903 intelligitur,
1234 1874 1320 1904 quum
1340 1862 1415 1893 idem
1437 1871 1537 1905 postea
1557 1872 1702 1904 recurrat,
1729 1865 1778 1897 ubi
1799 1866 1848 1898 ed.
1868 1868 1941 1898 Asc.
1962 1867 1993 1898 2.

344 1924 492 1965 ,‚quales“
514 1921 612 1952 habet.
663 1922 769 1950 Notum
790 1927 833 1950 est
854 1919 926 1950 enim
947 1930 1000 1949 uec
1014 1920 1076 1959 jam
1097 1919 1238 1960 exemplis
1259 1919 1419 1949 confirmari
1440 1919 1541 1959 debet,
1570 1932 1626 1951 non
1654 1922 1747 1952 solere
1762 1922 1905 1962 jungendi
1924 1933 1995 1964 par-

345 1977 438 2008 ticulis
458 1977 488 2007 in
507 1975 671 2017 hujusmodi
690 1974 888 2017 partitionibus
909 1974 949 2004 uti
968 1985 1036 2013 eos,
1056 1974 1105 2015 qui
1125 1974 1198 2005 bene
1219 1973 1306 2004 latine
1327 1974 1464 2005 scribant.

383 2035 409 2064 1.
428 2033 487 2071 21,
506 2031 558 2062 48.
605 2032 655 2070 „E
674 2042 731 2072 quo
751 2030 872 2070 intelligi
892 2036 1002 2072 potest,
1030 2041 1116 2070 quam
1135 2028 1210 2060 acuti
1230 2036 1331 2060 natura
1351 2029 1427 2068 siut,
1459 2030 1507 2071 qui
1528 2030 1601 2062 haec
1622 2032 1684 2063 sine
1704 2032 1833 2064 doctriua
1854 2032 1989 2064 credituri

486 2085 628 2117 suerint.“

421 2142 556 2174 Klotzius
577 2148 605 2172 et
625 2143 774 2179 Moserus,
812 2140 962 2171 Das-isium
983 2139 1074 2170 secuti
1092 2146 1280 2181 reposuerunt
1301 2140 1457 2180 „quoniam
1477 2158 1516 2163 —-
1537 2141 1674 2172 fixerunt“
1705 2144 1783 2183 quod
1804 2144 1832 2175 in
1854 2146 1992 2185 antiqui».-

341 2200 421 2231 simis
442 2197 612 2241 quibusdam
634 2196 715 2228 libris
736 2197 850 2238 lrg'itur.
897 2195 953 2234 Qui
973 2195 1015 2235 si,
1038 2204 1129 2226 utrum
1151 2207 1186 2227 ex
1207 2195 1297 2226 altero
1320 2204 1415 2226 natum
1437 2207 1502 2227 esse
1529 2196 1691 2238 videretur,
1722 2211 1861 2240 quaerere
1883 2202 1989 2231 voluis-

342 2264 424 2295 seut,
451 2265 570 2292 vereor,
596 2264 632 2283 ne
651 2253 698 2290 id,
729 2253 806 2293 quod
827 2253 969 2290 fecerunt,
992 2263 1047 2282 non
1067 2259 1216 2293 putassent
1236 2262 1300 2282 esse
1322 2251 1496 2282 sacia-ndum.
1538 2254 1680 2293 Equidem
1701 2257 1829 2297 profecto
1851 2257 1989 2287 nomint-:zi

341 2313 404 2343 sore
423 2310 561 2349 arbitror,
589 2308 637 2351 qui
658 2308 683 2339 si
704 2308 885 2348 ‚,quoniam“
905 2306 1022 2346 legerit,
1050 2317 1113 2337 eam
1134 2307 1357 2348 conjunctionem
1378 2308 1544 2348 pronomine
1570 2310 1692 2341 relativo
1714 2312 1910 2342 illustrandam
1935 2325 1988 2354 pu-

1366 2363 1382 2381 *
1394 2363 1411 2381 ὗ
1433 2365 1454 2394 2
