2065 2670
1095 175 1165 203 XV

304 272 333 304 in
354 283 389 304 eo
409 271 539 312 offendit,
559 271 589 304 in
609 283 667 315 quo
687 283 743 304 uno
764 271 911 304 offendere
928 270 1073 304 debebant
1088 282 1198 304 omnes.
1238 271 1357 303 Delevit
1375 271 1450 303 enim
1463 272 1625 303 Lambinus
1646 273 1709 313 illa,
1731 284 1805 314 quae
1825 275 1854 306 in
1874 276 1963 307 codd.

304 329 439 370 leguntur
452 329 601 360 omnibus:
622 339 702 368 „non
714 328 798 359 modo
814 328 918 370 ipse;“
938 328 1070 359 nimirum
1084 328 1140 358 hoc
1151 328 1234 368 vidit,
1255 339 1312 358 non
1324 339 1412 370 posse
1432 329 1574 370 „ipsum“
1595 329 1704 371 opponi
1722 329 1884 369 „sm'bus.“
1923 334 1963 365 A.

303 384 410 424 „suff
430 384 537 426 opponi
558 390 634 415 certe
655 383 767 425 poterit.
808 385 909 426 Itaque
928 383 1084 424 legendum
1111 394 1172 422 „ne
1191 383 1240 414 sui
1258 383 1373 425 quidem
1393 382 1423 414 id
1445 383 1570 424 velint“,
1596 385 1673 425 quod
1695 396 1713 416 a
1732 386 1857 426 nemine,
1885 387 1964 428 quod

304 440 405 479 sciam,
426 440 657 471 animadversum
679 451 753 478 esse,
774 440 844 471 satis
864 439 961 470 mirari
982 450 1038 470 non
1058 450 1186 480 possum.
1228 438 1305 476 Quid
1326 439 1401 469 enim
1421 450 1489 470 sues
1509 439 1628 477 habent,
1650 452 1740 481 quare
1761 450 1963 483 comparentur

304 506 369 531 cum
390 506 437 535 eo,
457 495 506 536 qui
525 506 558 526 se
579 495 702 526 dormire
721 495 814 532 malit,
834 505 920 536 quam
939 501 1080 525 mortuum
1100 494 1187 525 esse?
1222 494 1274 524 Sui
1294 505 1364 524 vero
1385 505 1527 535 quemque
1546 495 1647 526 vivere
1667 496 1769 527 volunt
1790 508 1876 537 quam
1897 497 1964 528 diu-

305 551 429 590 tissime,
455 550 554 591 itaque
580 550 692 582 etiamsi
712 551 849 590 dormiat,
874 550 960 582 modo
980 549 1077 589 vivat,
1103 549 1256 580 videantur
1275 549 1305 580 id
1326 549 1446 590 aequius
1464 550 1543 581 ferre
1561 562 1666 592 posue,
1695 563 1781 593 quam
1802 552 1828 583 si
1848 553 1963 585 omnino

306 613 434 637 mortuus
455 606 508 643 sit3
535 606 565 636 id
586 606 673 646 igitur
689 613 776 646 negat
795 616 846 636 eos
867 606 968 636 Cicero
987 605 1077 643 velle,
1103 605 1131 635 si
1149 605 1233 635 nulla*
1249 616 1317 646 spes
1338 605 1387 644 sit,
1417 605 1491 644 sore,
1519 611 1550 636 ut
1571 617 1608 636 ex
1628 617 1663 637 eo
1683 618 1783 638 somno
1803 609 1960 649 aliquando

304 660 341 696 is,
362 660 412 700 qui
432 660 646 698 obdonniverss,
665 659 830 691 reviviscat.

347 716 371 746 1.
391 715 443 755 36,
462 716 513 747 88.
535 732 574 740 —
595 714 692 754 „illud
713 715 910 746 excutiendum
930 721 986 754 est,
1007 721 1038 745 ut
1058 713 1175 753 sciatur,
1197 714 1266 755 quid
1287 714 1324 745 sit
1343 725 1452 754 carere,
1473 727 1510 746 ne
1529 716 1707 757 relinquatur
1726 718 1836 758 aliquid
1857 720 1960 750 erroris

451 771 481 801 in
503 771 604 801 verbo.
653 771 759 801 Carere
779 771 865 810 igitur
885 770 940 800 hoc
960 770 1120 809 significat:
1152 781 1238 809 egere
1259 780 1305 807 eo,
1327 769 1404 809 quod
1426 769 1534 801 habere
1555 772 1641 802 velis.
1688 775 1767 803 Inest
1788 773 1862 803 enim
1884 775 1962 804 velle

449 825 478 856 in
500 825 639 857 carendo:
662 825 721 856 nisi
742 837 827 867 quum
848 826 900 865 sic,
921 832 1056 867 tanquam
1075 825 1105 855 in
1125 825 1210 864 febri,
1232 824 1344 864 dicitur,
1366 825 1424 856 alia
1445 826 1569 867 quadam
1590 828 1705 859 notione
1725 829 1823 860 verbi:
1858 829 1962 861 dicitur

450 881 525 912 enim
547 883 604 913 alio
625 882 711 913 modo
732 882 816 912 etiam
837 892 945 922 carere,
967 892 1053 922 quum
1074 880 1184 922 aliquid
1199 892 1255 911 non
1272 880 1392 921 habeas,
1414 888 1442 912 et
1462 893 1518 913 non
1534 883 1641 915 habere
1662 892 1689 915 te
1706 885 1825 924 semiim,
1847 886 1960 917 etiamsi

449 937 479 968 id
500 938 587 969 sacile
605 938 727 979 patiare.
770 938 881 968 Carere
900 938 932 968 in
951 938 1030 967 malo
1050 948 1109 967 non
1129 937 1260 973 dic-ilum
1280 948 1335 967 nec
1354 938 1431 967 enim
1452 944 1524 968 esset
1545 938 1721 970 dolendum.-
1742 941 1855 971 dicitur
1869 942 1959 978 illud,

449 993 526 1023 bono
541 1005 657 1030 carere,
678 993 758 1033 quod
773 999 815 1023 est
834 993 954 1023 malum.
995 991 1054 1022 Sed
1075 1003 1111 1022 ne
1130 991 1216 1023 vivus
1238 991 1353 1032 quidem
1374 992 1449 1024 bono
1469 1000 1557 1033 caret,
1578 993 1604 1024 si
1625 1005 1660 1025 eo
1680 1007 1735 1026 non
1756 996 1866 1036 indiget
1879 998 1959 1028 etc.“

386 1051 494 1081 Sanum
515 1060 572 1080 non
591 1060 657 1080 esse
677 1050 771 1080 locum
791 1049 891 1089 negari
916 1048 967 1079 vix
987 1047 1101 1090 poterit.
1142 1049 1180 1078 Et
1200 1047 1286 1078 talem
1307 1048 1433 1088 quidem,
1455 1050 1569 1090 qualern
1589 1050 1703 1092 scripsi,
1724 1062 1741 1081 e
1762 1052 1827 1082 cod.
1869 1054 1958 1083 Bern.

306 1106 445 1147 praebent
476 1105 545 1135 edd.
571 1105 742 1135 recentiores
768 1104 830 1134 sere
856 1114 972 1141 omnes3
1008 1102 1181 1143 antiquiores
1208 1109 1274 1133 aut:
1307 1113 1405 1134 carere
1425 1105 1549 1135 enimin
1570 1105 1646 1136 malo
1668 1117 1723 1136 non
1745 1106 1863 1146 dicitur,
1891 1114 1958 1138 aut:

305 1170 426 1198 „carere
446 1160 521 1190 enim
540 1159 617 1190 malo
637 1159 668 1190 id
688 1171 744 1190 non
764 1159 901 1190 dicitur.“

384 1217 559 1257 Repugnant
577 1221 673 1247 autem
693 1215 766 1246 haec
785 1226 841 1245 nou
861 1214 897 1245 iis
917 1214 1013 1252 modo,
1035 1223 1109 1253 quae
1121 1214 1251 1253 proxime
1264 1214 1445 1253 antecedunt,
1466 1226 1566 1245 verum
1581 1217 1667 1245 etiam
1685 1216 1750 1246 aliis
1766 1218 1837 1248 locis
1851 1219 1958 1258 multis,

305 1270 409 1311 quibus
422 1270 486 1312 ipse
504 1271 605 1302 Cicero
625 1270 721 1311 culpa,
742 1269 895 1312 supplicio,
916 1269 1026 1307 dolore,
1048 1267 1175 1307 crimine,
1196 1268 1284 1308 malo,
1305 1269 1391 1309 febri,
1411 1270 1624 1311 perturbatione
1644 1271 1732 1302 animi
1752 1283 1849 1305 carere
1870 1275 1958 1313 dixin

304 1338 398 1367 neque
422 1327 481 1367 sic,
508 1334 538 1358 ut
558 1338 632 1358 nunc
652 1327 757 1357 sactum
779 1333 839 1365 est,
864 1325 983 1366 adjungi
1003 1324 1039 1355 ad
1061 1323 1209 1365 snpen‘ora
1227 1331 1369 1365 poterant.
1430 1326 1603 1368 Explicandi
1624 1327 1792 1368 particulam
1815 1331 1920 1370 (enim)
1943 1342 1960 1362 a

304 1382 430 1414 librariis
450 1383 579 1414 additam
599 1394 681 1422 esse,
707 1382 814 1423 quippe
834 1381 883 1422 qui
904 1382 1006 1412 deesse
1026 1380 1134 1420 aliquid
1156 1379 1305 1419 viderent,
1334 1392 1389 1411 non
1410 1381 1549 1412 immerito
1569 1382 1624 1412 viri
1646 1383 1721 1413 docti
1742 1384 1874 1415 videntur
1894 1398 1960 1416 sus-

304 1439 391 1480 picati
412 1450 493 1478 esse,
513 1449 566 1468 nec
585 1439 662 1469 male
681 1438 841 1469 Lambinus
868 1438 1010 1476 „autem“
1030 1447 1083 1477 pro
1104 1435 1228 1473 „enim“
1248 1435 1351 1466 voluit.
1391 1438 1473 1467 Kern
1494 1437 1553 1468 ita:
1587 1439 1693 1471 Carere
1715 1439 1753 1470 im
1776 1440 1959 1481 cigcntlidicn

306 1495 407 1528 &nne
428 1495 483 1530 (im
504 1496 650 1534 beutfdyen
672 1494 845 1531 {tenuissem
866 1494 931 1533 sagr
951 1500 1020 1524 mun
1042 1499 1109 1523 vom
1133 1490 1222 1523 nebet
1242 1491 1336 1532 nidyt3
1358 1493 1432 1523 bcnn
1446 1495 1478 1524 εδ
1494 1493 1573 1524 mare
1587 1494 1670 1525 sabee
1687 1495 1780 1532 nicbts
1795 1504 1852 1527 nnn
1867 1497 1957 1528 ciuem

307 1539 575 1591 &dymmfflfnhtu
597 1552 654 1581 bas
674 1551 739 1589 sagt
759 1557 845 1579 man:
867 1548 912 1579 ein
933 1548 1002 1580 (Sjut
1022 1546 1171 1584 nermiss'ett
1193 1563 1231 1568 -
1253 1548 1313 1577 unt>
1335 1546 1396 1578 hies
1419 1547 1451 1584 ist
1472 1547 1516 1578 ein
1538 1548 1661 1582 nebda.
1703 1551 1787 1588 Quod
1798 1551 1959 1591 laudarem,

306 1606 331 1637 ni
352 1617 466 1646 carere,
487 1606 528 1637 sic
548 1605 625 1637 nude
644 1605 780 1647 positum,
808 1615 842 1635 eo
861 1603 946 1634 modo
966 1602 1040 1634 verti
1060 1608 1170 1644 posset.
1211 1602 1257 1633 Ac
1282 1602 1347 1641 snit,
1375 1615 1461 1643 quum
1488 1604 1572 1635 nnius
1599 1606 1720 1637 voculae
1741 1608 1960 1648 transpositione

306 1663 402 1693 sanari
421 1663 515 1692 locum
534 1672 621 1703 posse
640 1667 790 1702 putarem,
811 1660 836 1690 si
856 1659 896 1689 ita
916 1658 1101 1689 scriberetur:
1135 1659 1241 1688 Carere
1266 1657 1340 1687 illud
1366 1658 1394 1688 in
1422 1659 1499 1688 malo
1526 1671 1582 1690 non
1610 1660 1731 1698 dicitur3
1764 1673 1856 1702 neque
1883 1663 1959 1693 enim

307 1724 383 1748 esset
409 1717 580 1756 dolendum3
607 1716 711 1747 dicitur
737 1715 811 1746 bono
838 1725 934 1746 carere
960 1720 1014 1744 etc.
1036 1731 1076 1736 ——
1096 1714 1179 1750 Quae
1204 1713 1365 1753 conjectura
1384 1713 1503 1745 haberet
1524 1715 1663 1756 sortasse,
1690 1728 1747 1757 quo
1767 1719 1959 1751 commendari

307 1774 469 1812 rideretur,
496 1773 664 1815 praesertim
691 1783 778 1812 quum
804 1782 840 1801 ne
856 1764 936 1801 'haec
956 1769 1072 1810 quidem
1093 1769 1246 1799 admodum
1267 1768 1417 1808 placeant,
1451 1780 1525 1809 qnae
1546 1771 1636 1811 vulgo
1656 1772 1806 1812 leguntur:
1833 1774 1961 1812 „dicitur

307 1828 397 1859 illud:
435 1828 511 1858 bono
538 1828 665 1858 carere“
692 1827 747 1857 nisi
774 1827 851 1857 alind
878 1826 1014 1866 quiddam
1040 1830 1215 1862 occurreret,
1249 1834 1306 1864 quo
1339 1824 1376 1854 ab
1412 1824 1463 1855 illa
1483 1826 1616 1866 opinione
1643 1827 1739 1858 statim
1766 1829 1958 1867 rejicerentur.

306 1885 422 1916 Habent
442 1883 517 1914 enim
538 1884 624 1915 codd.
645 1884 707 1914 sere
727 1894 825 1914 omnes
845 1893 918 1912 non:
946 1881 997 1920 „in
1019 1880 1119 1911 malo“
1151 1879 1203 1910 sed
1233 1879 1285 1919 „in
1306 1881 1420 1911 morte“
1440 1881 1517 1921 quod
1537 1893 1665 1913 summus
1685 1883 1731 1914 vir
1751 1885 1789 1914 R.
1811 1886 1959 1924 Bentlejus

308 1939 427 1981 negavit
447 1951 480 1970 se
500 1939 675 1980 intelligere,
696 1938 804 1981 recepit
822 1938 938 1976 Daris„
960 1937 1043 1968 Orell
1063 1935 1209 1977 explicare
1230 1935 1345 1976 quidem
1366 1943 1484 1967 conatus
1505 1945 1560 1977 est,
1581 1950 1635 1969 nec
1654 1946 1748 1970 tamen
1768 1940 1884 1981 probari
1904 1940 1960 1971 sibi

308 1997 365 2035 ait3
393 2006 468 2027 unns
488 1996 641 2035 Klotzius,
668 1995 836 2038 planissime
860 2005 919 2025 rem
945 1992 1138 2035 perspiciens,
1168 1992 1209 2022 ita
1228 1991 1447 2033 interpretatur:
1477 1994 1545 2025 ffimt
1567 1994 1657 2026 cincm
1679 1996 1811 2033 zovtcn„
1834 1999 1900 2028 οδω·
1921 1997 1958 2028 im

309 2054 391 2086 zebe
412 2052 486 2084 fnum
507 2060 577 2083 man
599 2052 675 2089 nicht
694 2063 792 2083 carere
813 2050 994 2089 (cntbebrcu)
1017 2050 1121 2091 sugens
1147 2048 1216 2084 (imo
1237 2048 1302 2089 sagt
1321 2056 1391 2080 mun
1413 2048 1502 2086 nicht)
1529 2050 1597 2082 mcil
1625 2052 1687 2083 bic&
1714 2054 1764 2084 αῐό
1791 2052 1850 2084 fein
1873 2054 1961 2086 nebel

312 2110 456 2150 ctfdyeint‘
477 2108 568 2149 (imm
591 2109 748 2149 erfctyet'nen
770 2108 885 2144 mftrbe)
906 2109 944 2139 ba
965 2115 1035 2138 mcut
1057 2109 1089 2138 εδ
1109 2105 1186 2144 nient
1205 2104 1284 2144 fflblt
1304 2104 1394 2145 (qnod
1416 2105 1452 2136 de
1472 2116 1525 2137 suo
1545 2106 1659 2138 addidit
1671 2119 1703 2140 v.
1718 2108 1781 2149 d.);
1803 2119 1875 2142 man
1896 2112 1962 2152 fngt

312 2167 381 2199 ‹tt—er
400 2168 452 2198 bes
474 2165 576 2198 &utcu
598 2165 762 2204 cutbelyren'
783 2167 851 2197 nme
873 2164 917 2195 cin
937 2163 1089 2203 ftxbrbarcss
1111 2162 1199 2194 llebet
1220 2161 1264 2198 ist.

391 2221 483 2260 Quasi
502 2232 572 2252 vero
592 2221 669 2251 idem
690 2221 744 2260 sit,
772 2228 863 2252 utrum
891 2218 1040 2259 „dicitur“
1061 2217 1158 2256 dicas,
1188 2227 1225 2247 an
1252 2216 1332 2255 „dici
1358 2218 1476 2258 potest“
1502 2224 1552 2248 aut
1578 2229 1635 2249 non
1667 2218 1699 2249 id
1726 2221 1841 2252 omnino
1862 2223 1961 2253 Cicero

313 2284 398 2317 agat,
420 2284 467 2316 ut,
489 2277 565 2318 quod
587 2276 644 2307 dici
663 2276 778 2316 videat,
799 2277 829 2306 id
850 2283 926 2306 recte
946 2274 1002 2304 dici
1021 2280 1116 2314 neget.
1156 2272 1267 2310 Quodsi
1288 2272 1327 2303 ita
1347 2272 1523 2303 versandum
1544 2274 1573 2304 in
1594 2274 1813 2317 interpretandis
1834 2284 1962 2308 veterum

314 2332 426 2375 scriptis
448 2343 626 2374 censeamus,
640 2332 718 2364 'nihil
740 2332 874 2365 videlicet
895 2331 957 2371 erit,
978 2330 1054 2372 quod
1075 2341 1130 2362 non
1152 2328 1301 2361 videamur
1321 2328 1407 2361 facile
1427 2330 1565 2371 expedire
1584 2341 1684 2373 posse.
