2065 2670
1018 108 1092 140 ΧΧ

228 218 298 250 prae
318 218 351 239 se
371 208 503 240 tulissent
523 206 650 249 speciem
670 205 831 245 doctrinae,
858 211 890 237 ut
915 216 972 236 non
991 216 1091 237 omnes
1110 217 1225 248 semper
1244 205 1338 238 audiri
1358 212 1411 238 etc.
1434 205 1558 245 diceret,
1585 206 1639 237 sed
1664 214 1724 238 tum
1744 205 1877 244 demum,

229 275 318 305 quum
339 264 485 295 doctrinae
510 263 635 302 quadam
656 260 755 301 specie
774 260 941 291 viderentur
961 261 1129 292 excellere?
1169 263 1270 301 Itaque
1289 261 1319 292 in
1340 261 1509 302 optimorum
1531 261 1617 292 codd.
1639 262 1807 292 auctoritate
1827 271 1878 291 ac-

230 318 444 359 quiescendum.
484 316 555 347 Alia
574 315 647 347 ratio
667 321 711 346 est
731 326 847 351 eorum,
867 325 942 355 quae
962 321 1120 355 sequuntur
1139 316 1239 356 paullo
1259 322 1341 357 posta
1375 323 1436 355 „ut
1454 317 1537 347 nobis
1558 316 1663 357 optime
1683 320 1814 346 naturam
1834 314 1881 345 in-

231 373 338 403 vidisse
357 372 545 410 videantur,“
565 370 595 401 in
610 370 714 410 quibus
726 369 894 411 interpretes
909 376 1024 410 praeter
1036 370 1186 401 Klotzium
1200 370 1380 401 offenderunt
1391 381 1502 403 omnes.
1542 370 1701 403 Lambinus
1722 370 1880 412 „optimam

229 429 385 459 naturam“
405 427 497 458 voluit
504 447 514 465 ,
534 425 684 465 Bentlejus
704 425 865 466 „optimam
885 425 1091 464 magistram;“
1112 425 1260 467 „optimae
1279 427 1421 457 naturae“
1442 428 1577 465 Gronov3
1605 426 1737 467 „optima
1755 426 1883 457 natura“

230 483 359 513 Arntzen
380 481 418 513 ad
438 480 515 512 Plin.
536 482 597 511 Pan
618 496 657 504 —
678 479 813 510 Lambini
834 486 862 511 et
882 479 1008 520 Bentleji
1028 479 1224 510 auctoritatem
1243 480 1334 511 secuti
1353 481 1485 523 plerique
1505 482 1704 512 recentiorum.
1753 479 1882 511 Orellius

232 538 384 579 „optime“
411 537 441 568 in
468 536 599 577 margine
619 536 794 577 adscriptum
821 547 839 566 a
859 536 966 566 lectore
990 535 1088 576 aliquo
1108 536 1267 567 admirante
1286 536 1366 567 illius
1386 538 1542 568 sententiae
1562 537 1753 577 elegantiam,
1780 543 1881 578 postea

230 593 344 623 illatum
365 604 431 623 esse
451 592 481 623 in
502 598 664 623 contextum
683 597 774 632 putat.
815 589 940 630 Bentleji
954 591 1161 630 conjecturam,
1183 591 1236 621 etsi
1254 591 1526 631 ingeniossssimam,
1548 602 1612 622 eam
1631 591 1669 621 ob
1690 602 1807 622 causam
1827 591 1883 621 du-

230 647 303 679 bitat
322 647 468 690 recipere,
496 646 572 688 quod
598 646 699 688 paullo
727 652 792 677 ante
818 645 955 686 magister
979 646 1105 688 populus
1126 645 1219 677 dictus
1239 647 1287 679 sit.
1327 646 1464 678 Klotzius
1484 648 1633 687 vulgatam
1653 646 1694 677 ita
1713 646 1775 677 fere
1793 645 1883 677 inter-

230 710 376 744 pretatur:
404 703 563 741 „Invidere
583 702 671 732 alicui
691 701 818 741 aliquid,
845 707 889 731 est
916 701 1012 731 facere
1037 701 1131 740 idem,
1159 702 1236 742 quod
1256 702 1306 742 qui
1325 702 1464 733 invideat.
1515 704 1580 732 Jam
1606 713 1676 732 vero
1704 701 1753 742 qui
1772 700 1883 731 invidet

231 758 318 790 alicui
338 757 459 798 aliquid,
479 757 505 788 is
525 756 555 787 id
575 755 671 799 ipsum
690 755 747 795 illi,
769 756 846 797 quod
865 755 987 796 invidet,
1009 763 1127 788 conatur
1145 756 1318 789 subducere.
1359 756 1475 799 Optime
1489 763 1594 797 antem,
1616 757 1666 798 qui
1686 756 1882 789 callidissime.

215 816 307 853 ,Ergo
328 813 435 855 optime
455 819 585 843 naturam
604 812 688 842 nobis
708 812 838 842 invident
857 812 889 850 ii,
911 812 960 852 qui
980 812 1167 843 callidissime
1187 812 1218 843 id
1238 819 1338 852 agunt,
1358 820 1389 843 ut
1408 824 1427 844 a
1446 820 1547 844 natura
1561 824 1612 843 nos
1626 813 1780 844 abducant.
1820 814 1883 843 Ne-

230 880 286 915 que
306 880 375 900 vero
396 868 451 899 hoc
470 869 534 899 loco
556 867 657 898 Cicero
674 867 759 906 illos,
781 867 829 907 qui
850 867 922 898 nihil
942 867 1050 899 homini
1070 868 1173 900 melius
1194 867 1327 909 populari
1346 868 1439 907 gloria
1454 869 1600 908 judicent,
1625 869 1664 899 de
1683 868 1822 899 industria
1842 868 1883 898 ait

230 920 261 956 'd
282 935 386 966 agere,
411 931 443 955 ut
462 935 515 955 nos
536 929 733 965 corrumpant,
760 923 813 954 sed
835 933 920 964 quam
941 922 1018 954 viam
1038 923 1250 965 ingrediantur,
1278 934 1342 955 eam
1369 935 1433 955 esse
1453 924 1492 955 ad
1512 924 1732 966 corrumpendos
1752 923 1882 954 homines

230 981 424 1022 aptissimam,
451 980 576 1019 ideoque
601 979 695 1010 videri
720 980 788 1010 illos
815 980 955 1010 contraria
975 980 1057 1019 sequi
1077 992 1191 1018 eorum,
1219 991 1294 1019 quae
1314 992 1346 1010 re
1364 991 1435 1011 vera
1454 981 1544 1010 velint
1565 982 1716 1011 efficere.“
1755 982 1837 1018 Quae
1856 980 1883 1009 si

231 1041 307 1080 recte
327 1034 472 1073 intelligo,
493 1033 570 1063 idem
591 1033 648 1062 sibi
668 1033 746 1062 velle
766 1039 848 1074 putat
866 1033 918 1063 illa
939 1032 1085 1063 Ciceronis
1106 1033 1212 1072 verba,
1233 1043 1268 1063 ac
1287 1033 1313 1063 si
1332 1033 1373 1063 ita
1393 1033 1532 1063 dixisset:
1565 1040 1619 1073 „ut
1638 1034 1711 1064 nihil
1730 1034 1882 1065 videantur

230 1091 325 1134 aptius
344 1091 442 1123 facere
461 1102 560 1133 posse,
581 1089 631 1131 qui
650 1096 780 1121 naturam
801 1089 884 1120 nobis
904 1089 1063 1129 invideant,
1084 1101 1170 1131 quam
1191 1089 1268 1131 quod
1287 1089 1308 1121 ii
1329 1089 1468 1129 fecerunt,
1489 1090 1538 1131 qni
1558 1097 1613 1122 etc.
1654 1093 1716 1123 Nec
1735 1102 1805 1123 vero
1826 1102 1881 1122 un·

230 1157 318 1186 quam
338 1146 408 1175 mihi
428 1144 614 1186 persuadebit
633 1144 679 1173 vir
699 1144 881 1173 doctissimus
894 1144 969 1173 hanc
985 1145 1154 1174 sententiam
1167 1156 1183 1174 e
1196 1143 1293 1174 verbis
1313 1144 1372 1174 illis
1392 1152 1468 1175 recte
1488 1145 1554 1174 elici
1573 1156 1676 1185 posse3
1696 1145 1880 1184 quamobrem

230 1213 267 1233 ne
287 1201 361 1232 illud
382 1200 498 1242 quidem
518 1209 644 1240 unquam
664 1197 803 1237 adducar,
824 1205 855 1229 ut
869 1198 995 1239 credam,
1016 1210 1081 1230 esse
1102 1210 1138 1230 ea
1156 1198 1247 1231 verba
1265 1198 1317 1239 ita,
1337 1205 1369 1230 ut
1387 1210 1463 1231 nunc
1481 1206 1558 1240 sunt,
1579 1211 1597 1232 a
1611 1200 1750 1232 Cicerone
1762 1198 1879 1241 scripta.

229 1260 304 1288 Nam
326 1257 456 1298 „optime
476 1256 606 1286 invidere
626 1254 736 1294 aliquid
757 1254 867 1285 alicui“
887 1266 971 1285 nemo
991 1255 1106 1296 poterit,
1127 1255 1176 1295 qui
1196 1256 1246 1287 vel
1265 1255 1452 1287 medeocriter
1469 1257 1595 1288 scribere
1615 1257 1756 1295 didicerit,
1776 1256 1817 1287 ita
1833 1256 1880 1287 di-

230 1322 312 1350 cere,
340 1318 371 1341 ut
390 1311 467 1340 idem
487 1310 607 1348 sentiat,
627 1309 705 1349 quod
724 1309 872 1338 Klotzius.
913 1309 1027 1339 Invidet
1046 1309 1122 1339 enim
1142 1310 1257 1350 proprie
1276 1309 1319 1348 is,
1339 1309 1389 1350 qui
1409 1310 1488 1340 dolet
1506 1311 1627 1341 alterum
1647 1311 1754 1342 habere
1774 1311 1880 1341 bonum

231 1355 369 1408 aliquod,
391 1366 468 1407 quod
489 1366 553 1407 ipse
572 1377 628 1396 non
642 1365 762 1404 habeat,
785 1364 889 1396 deinde
910 1364 1013 1404 etiam,
1034 1364 1154 1396 dilatata
1169 1366 1331 1407 paullulum
1351 1367 1433 1398 verbi
1453 1366 1583 1406 notione,
1605 1368 1654 1408 qui
1674 1379 1731 1399 non
1750 1368 1813 1399 vult
1832 1367 1879 1399 al-

229 1428 321 1465 terum
336 1421 393 1449 frui
406 1421 503 1458 aliquo
525 1420 611 1456 bono,
633 1430 690 1457 quo
711 1419 765 1448 etsi
785 1419 910 1447 nondum
930 1419 1042 1448 fruatur
1061 1420 1124 1457 ille,
1144 1430 1232 1459 posse
1251 1426 1346 1449 tamen
1366 1421 1424 1450 frui
1444 1422 1599 1460 aliquando
1619 1422 1766 1459 videatur3
1787 1422 1878 1460 (quod

228 1474 333 1508 nostri:
355 1473 430 1515 nicht
451 1474 594 1518 genuen.)
635 1472 693 1514 Qui
713 1472 739 1505 si
758 1472 833 1505 sorte
853 1472 1001 1506 conabitur
1020 1472 1051 1505 id
1071 1472 1166 1515 alteri,
1194 1473 1272 1517 quod
1292 1473 1413 1517 invidet,
1434 1474 1555 1519 eripere,
1576 1476 1637 1518 vel,
1657 1476 1808 1520 quominus
1827 1475 1879 1509 ille

227 1533 274 1569 id,
302 1533 380 1569 quod
401 1543 466 1561 eum
486 1532 594 1560 habere
614 1531 701 1566 nolit,
729 1537 936 1568 consequatur,
964 1531 1132 1569 prohibere;
1161 1541 1249 1560 causa
1268 1532 1385 1570 quidem
1405 1533 1459 1561 erit
1479 1533 1619 1571 eripiendi
1639 1534 1688 1562 vel
1708 1533 1879 1572 prohibendi

226 1584 385 1630 invidentia
392 1596 401 1625 3
422 1595 517 1628 neque
537 1594 625 1622 vero,
646 1594 733 1626 quum
752 1582 882 1615 invidere
903 1582 967 1626 quis
989 1582 1108 1624 dicitur,
1130 1594 1164 1615 eo
1185 1583 1317 1617 continuo
1337 1583 1440 1617 dicitur
1459 1584 1555 1619 facere
1573 1585 1620 1627 id,
1642 1586 1735 1630 quod,
1755 1585 1782 1620 si
1801 1586 1879 1619 invi-

227 1644 310 1680 deat,
332 1644 429 1672 facere
449 1642 551 1681 possit.
593 1643 691 1677 Quare
712 1653 799 1679 quum
820 1641 892 1670 nihil
912 1642 979 1670 insit
997 1641 1027 1670 in
1046 1641 1219 1679 invidendo,
1240 1643 1296 1672 nisi
1317 1650 1366 1672 aut
1385 1644 1500 1680 dolere,
1521 1651 1570 1673 aut
1589 1645 1683 1681 nolle,
1705 1645 1811 1684 optime
1831 1645 1877 1673 in-

226 1696 326 1728 videre
346 1696 372 1727 si
393 1695 458 1739 quis
476 1695 603 1735 dicatur,
630 1694 661 1725 id
682 1693 784 1725 eodem
802 1693 887 1725 modo
909 1693 965 1724 dici
984 1704 1103 1725 necesse
1124 1700 1185 1735 est,
1206 1705 1240 1727 ac
1260 1695 1287 1727 si
1306 1695 1413 1739 optime
1432 1697 1526 1737 nolle3
1556 1708 1625 1739 ergo
1647 1697 1792 1730 Ciceronis
1812 1697 1876 1738 illa,

226 1754 252 1784 si
272 1755 429 1793 legitimam
448 1752 586 1784 adhibere
607 1752 827 1792 explicationem
847 1752 933 1790 velis,
955 1764 1011 1782 non
1032 1763 1107 1791 eam,
1129 1764 1203 1792 quae
1222 1752 1275 1783 tibi
1294 1754 1331 1784 ad
1352 1754 1396 1791 id,
1417 1754 1495 1793 quod
1515 1755 1626 1795 cupias,
1647 1755 1876 1786 commodissima

225 1818 291 1839 esse
311 1807 460 1847 videatur,
481 1807 556 1838 hanc
576 1805 745 1837 sententiam
765 1805 906 1837 habeant:
942 1813 1003 1846 „ut
1030 1806 1135 1849 optime
1156 1806 1261 1838 fecisse
1280 1807 1448 1848 videantur,
1477 1808 1526 1850 qui
1544 1808 1627 1840 nobis
1647 1816 1777 1842 naturam
1797 1809 1874 1841 invi-

223 1865 334 1904 derent,
356 1864 406 1905 qui
426 1881 465 1887 —
480 1863 668 1903 judicarunt“
688 1862 765 1903 quod
787 1863 900 1893 omnino
921 1863 990 1894 ferri
1010 1874 1066 1893 non
1086 1875 1183 1904 posse,
1205 1875 1261 1895 non
1282 1872 1337 1903 est,
1359 1865 1436 1905 quod
1457 1865 1587 1897 doceam.
1627 1868 1693 1897 Jam
1712 1867 1739 1897 si
1754 1867 1875 1898 Bentle-

217 1920 280 1960 jum
301 1930 474 1960 sequamur,
494 1918 544 1949 vel
564 1917 601 1956 si,
622 1924 653 1948 ut
671 1920 805 1948 Moserus
826 1918 906 1956 vult,
934 1928 998 1949 cum
1019 1918 1161 1949 Lambino
1182 1919 1345 1959 Bentlejum
1360 1920 1532 1960 jungentes,
1552 1920 1593 1952 ita
1612 1921 1786 1960 scribamus3
1819 1930 1875 1961 „ut

222 1974 303 2004 nobis
324 1974 461 2015 optimam
481 1973 648 2013 magistram
668 1980 798 2004 naturam
817 1972 958 2002 invidisse
978 1973 1164 2012 videantur,“
1184 1974 1257 2005 haec
1277 1974 1330 2004 erit
1350 1975 1505 2006 sententia:
1526 1977 1659 2008 videntur
1678 1977 1711 2014 ii,
1733 1978 1782 2018 qui
1801 1977 1874 2008 nihil

223 2029 356 2072 populari
376 2029 471 2070 gloria
491 2028 684 2072 praestantius
704 2029 927 2069 judicaverunt,
957 2040 1013 2059 non
1034 2028 1064 2059 id
1084 2036 1238 2071 propterea
1258 2029 1380 2069 secisse,
1408 2031 1484 2072 quod
1504 2031 1546 2063 ita
1564 2032 1622 2074 ipsi
1641 2032 1793 2073 sentirent,
1820 2033 1872 2065 sed

220 2085 300 2125 quod
319 2086 428 2115 nollent
446 2096 499 2116 nos
520 2095 556 2115 ea
576 2085 628 2124 uti,
649 2095 735 2125 quam
756 2084 813 2125 ipsi
832 2084 1026 2124 reliquissent,
1053 2084 1161 2125 optima
1180 2085 1319 2124 magistra
1338 2092 1450 2117 natura.
1490 2089 1566 2118 Nam
1586 2088 1640 2128 qui·
1655 2098 1691 2118 ea
1709 2087 1777 2126 sibi,
1798 2099 1872 2128 quae

219 2139 250 2171 in
270 2140 372 2181 populi
390 2146 531 2181 potestate
552 2146 637 2179 sunt,
657 2139 782 2171 maxime
802 2139 964 2180 expetenda
984 2139 1107 2179 ducunt,
1128 2146 1203 2171 totos
1222 2151 1256 2171 se
1276 2140 1314 2171 ad
1334 2141 1510 2173 voluntatem
1529 2142 1630 2185 populi
1650 2143 1872 2185 exemplumque

218 2195 416 2233 conformant,
442 2195 592 2235 virtutem,
619 2196 815 2233 honestatem,
841 2201 970 2225 naturam
996 2195 1120 2235 denique
1144 2195 1239 2236 ipsam
1263 2196 1437 2236 relinquunt.
1485 2200 1568 2235 Quae
1588 2199 1720 2238 quamvis
1740 2206 1824 2230 acuta
1843 2206 1873 2230 et

215 2249 368 2292 praeclara
388 2259 453 2280 esse
472 2249 612 2282 sententia
631 2249 774 2289 videatur,
795 2248 883 2279 habet
902 2255 1008 2288 tamen,
1029 2248 1058 2280 in
1072 2261 1128 2291 quo
1140 2249 1296 2282 offendam.
1337 2251 1414 2289 Quid
1434 2251 1532 2286 enim?
1552 2252 1578 2283 si
1598 2263 1732 2295 quaeras,
1754 2254 1870 2296 quinam
