2065 2670
1010 85 1060 116 IV

211 185 289 214 dium
309 189 448 224 tanquam
468 191 534 212 mea
553 181 699 222 proferre,
729 190 804 220 quae
824 180 880 210 sint
897 190 934 209 ex
953 180 1075 210 alionum
1095 180 1177 211 libris
1198 180 1353 222 decerpta,
1381 188 1430 212 ant
1448 192 1531 220 eum,
1557 181 1608 222 qui
1627 181 1653 211 si
1673 178 1788 221 qnando
1809 189 1857 209 er-

208 239 345 277 raverim,
366 236 443 277 qnod
462 236 523 266 scio
541 245 630 275 quam
650 234 738 265 facile
757 234 821 265 fieri
840 234 942 275 possit,
964 234 1061 264 refelli
1080 246 1126 265 me
1146 242 1175 265 et
1195 236 1326 266 convinci
1345 247 1402 266 non
1422 237 1509 267 facile
1529 236 1633 278 patiar.
1682 236 1759 265 Nam
1778 233 1855 273 quod

209 294 326 325 summis
351 291 423 322 viris
452 290 539 321 video
566 288 725 325 accidisse,
754 295 785 318 ut
810 288 838 318 in
865 299 975 318 errores
1001 288 1193 327 incurrerent,
1221 301 1314 329 neque
1334 291 1405 320 satis
1425 298 1508 321 acute
1528 301 1628 321 verum
1648 288 1855 331 perspicerent,

209 346 307 389 quidni
331 345 409 377 idem
434 351 531 387 putem
557 350 643 384 atque
662 343 747 374 etiam
767 343 857 375 multo
877 342 970 383 magis
990 343 1061 374 mihi
1080 355 1169 385 posse
1189 344 1338 383 accidere,
1371 345 1421 385 qui
1441 346 1501 376 illis
1522 357 1576 376 nec
1594 344 1727 384 ingenio,
1761 353 1854 382 neque

208 401 337 431 doctrina
364 398 547 439 aequiparari
571 397 701 438 possim?
741 399 817 428 Esse
843 398 919 427 enim
939 408 1119 437 quenquam,
1151 398 1201 438 qui
1220 410 1253 428 se
1274 400 1322 429 vel
1343 410 1446 437 unum,
1474 400 1525 429 vel
1544 410 1608 429 cum
1628 398 1729 440 paucis
1749 406 1856 437 exper-

209 464 267 488 tem
288 465 352 486 esse
371 452 504 494 opinetur
522 451 680 483 communis
707 451 852 482 hominnm
872 452 1059 492 conditionis,
1089 453 1223 493 quodque
1249 453 1277 484 in
1306 459 1416 484 ceteros
1445 453 1549 484 cadere
1575 453 1691 492 videat,
1719 451 1750 483 id
1770 456 1855 489 neget

209 512 238 541 in
264 521 297 540 se
323 518 439 549 quoque
466 507 589 547 cadere,
616 506 775 547 insipientis
801 506 982 545 arrogantiae
1007 513 1062 537 est.
1103 508 1176 537 Eam
1196 514 1290 538 autem
1311 508 1444 537 existimo
1465 518 1530 538 esse
1548 514 1679 538 naturam
1699 517 1733 537 ac
1753 504 1853 535 condi-

207 565 312 595 tionem
331 563 476 593 humanae
495 561 616 600 mentis,
646 567 677 591 ut
696 561 725 590 in
745 559 876 601 plurimis
895 560 982 590 rebus
1003 570 1038 591 ac
1057 561 1189 592 maximis
1209 568 1319 603 partem
1341 562 1424 602 quasi
1445 562 1588 603 quandam
1609 571 1759 593 cernamus
1780 559 1852 597 veri,

208 630 308 651 verum
327 618 424 659 ipsum
444 629 501 648 non
520 627 670 647 cernamus
677 628 687 654 ;
716 615 753 646 ob
773 626 894 655 eamque
913 626 1029 646 causam
1049 627 1143 656 neque
1163 616 1369 647 concidendum
1390 627 1456 647 esse
1476 617 1579 647 animis
1591 617 1739 654 arbitror,
1768 622 1853 654 atquc

208 674 324 704 omnino
345 672 381 702 de
402 671 524 702 veritate
544 670 772 711 desperandum,
800 680 893 710 neque
917 670 1001 701 nimis
1028 671 1247 709 confidendum,
1274 677 1323 701 aut
1346 670 1375 701 in
1404 682 1438 701 eo
1459 682 1601 712 unquam,
1633 671 1711 713 quod
1731 668 1855 702 assecuti

209 729 315 766 simus,
343 733 478 767 tanquam
498 737 555 766 quo
573 725 647 757 nihil
666 726 758 767 possit
777 725 840 756 fieri
859 725 979 764 melius,
1000 725 1250 766 acquiescendum.
1299 726 1397 757 Video
1418 727 1493 757 enim
1513 738 1570 757 non
1590 727 1675 757 modo
1702 727 1732 757 in
1757 725 1854 766 philo-

209 783 331 824 sophia,
356 781 410 810 sed
426 781 460 810 in
479 780 611 810 omnibus
630 780 741 810 artibus
761 790 796 810 ac
812 779 992 820 disciplinis,
1009 781 1099 819 'quae
1118 790 1175 809 non
1195 785 1272 810 totae
1290 780 1348 811 sint
1367 780 1534 811 'eruditionis
1555 787 1583 811 et
1603 780 1775 818 memoriae,
1801 777 1855 809 sed

208 838 238 868 in
258 836 362 877 quibus
388 834 516 875 aliquam
540 841 653 876 partem
678 833 734 865 sibi
749 833 890 873 judicium
915 833 1041 865 vindicet
1061 840 1090 864 et
1108 834 1290 874 intelligendi
1309 835 1457 874 sollertia,
1485 836 1526 866 ita
1544 835 1618 866 inter
1637 847 1670 866 se
1690 835 1854 874 discrepare

208 891 436 923 doctissimorum
465 889 612 919 hominum
637 888 814 927 sententias,
847 895 877 918 ut
902 888 980 918 idem
1006 888 1125 918 laudent
1150 889 1218 927 alii,
1252 889 1304 919 alii
1329 890 1557 931 reprehendant,
1589 897 1675 930 atque
1701 889 1786 919 etiam
1815 888 1854 926 ita

208 947 362 984 fluctuare,
388 951 419 975 ut
444 955 480 975 ea
507 943 609 982 etiam,
637 954 712 984 quae
732 953 749 973 a
769 942 888 973 nummis
908 942 978 973 viris
997 943 1195 974 counnendma
1223 943 1272 974 diu
1299 945 1423 975 omnium
1449 945 1537 975 laude
1561 944 1722 984 viguerint,
1753 949 1854 985 postea

208 1001 371 1041 rejiciantur
389 1006 422 1030 ut
441 1000 534 1037 falsa,
562 1004 717 1038 contraque
737 1009 852 1036 eorum,
883 1008 958 1038 quae
977 1008 996 1028 a
1017 997 1164 1038 plerisque
1190 998 1349 1039 improbata
1372 1000 1533 1040 jacuerint,
1563 1006 1596 1030 ut
1617 1007 1715 1041 paene
1740 999 1853 1029 deserta

208 1056 389 1095 viderentur,
414 1055 472 1086 sint
491 1061 586 1085 tamen
605 1053 779 1094 aliquando,
806 1053 855 1093 qui
876 1053 932 1083 sibi
951 1053 1140 1095 patrocinium
1161 1065 1225 1084 esse
1244 1054 1458 1096 suscipiendum
1478 1061 1588 1097 putent.
1630 1056 1719 1095 Cujus
1740 1054 1782 1085 rei
1801 1065 1853 1084 ex-

209 1111 336 1153 emplum
356 1110 532 1141 luculentum
553 1109 692 1150 praebent
711 1108 769 1149 ipsi
789 1108 856 1138 libri
877 1108 997 1139 Tuscul.
1020 1109 1126 1150 disput.
1174 1111 1287 1147 Quanta
1314 1110 1388 1140 enim
1416 1110 1544 1140 codicum
1572 1120 1659 1149 msa„
1688 1116 1766 1141 tanta
1792 1110 1854 1139 fere

209 1174 251 1197 est
278 1166 464 1207 interpretum
492 1164 651 1201 dissensi03
685 1175 829 1204 quumque
853 1163 890 1194 ad
918 1175 969 1194 eos
994 1163 1083 1194 libros
1108 1164 1210 1195 summi
1238 1164 1311 1203 viri,
1342 1165 1517 1203 Lambinus,
1550 1165 1716 1204 Bentleius‚
1757 1166 1791 1195 F.
1814 1166 1853 1195 A.

208 1222 339 1252 WVollius
360 1232 477 1261 operam
497 1230 579 1249 suam
601 1218 783 1257 studiumque
804 1218 1005 1253 contulissent,
1036 1229 1110 1257 quae
1130 1219 1168 1248 ab
1188 1219 1246 1248 illis
1268 1221 1357 1249 alluta
1384 1227 1467 1258 sunt,
1496 1220 1613 1249 laudata
1633 1226 1720 1258 atque
1739 1226 1854 1258 recepta

207 1288 225 1307 a
244 1275 359 1314 multis,
387 1273 484 1314 rejecit
504 1272 656 1310 Klotzius;
683 1272 760 1301 idem
780 1278 896 1310 contra,
924 1282 998 1313 quae
1019 1272 1069 1302 diu
1090 1273 1209 1314 explosa
1231 1281 1327 1313 erant,
1349 1274 1512 1305 revocanda
1531 1274 1587 1305 sibi
1608 1274 1747 1315 putavit..
1772 1275 1853 1311 Qua-

206 1337 323 1373 propter
349 1340 445 1361 errare
470 1328 605 1359 videntur
629 1327 668 1366 ii,
695 1327 745 1367 qui
771 1327 844 1357 nihil
874 1338 939 1358 esse
967 1328 1094 1366 cogitare
1119 1335 1239 1369 putant,
1266 1329 1322 1359 nisi
1348 1330 1498 1359 veritatem
1524 1329 1567 1359 rei
1592 1329 1773 1370 perspicere,
1802 1340 1855 1358 nec

208 1386 366 1426 quidquam
386 1394 468 1422 esse,
489 1382 558 1423 quin
577 1381 607 1411 itl
629 1380 798 1421 cogitando,
820 1382 907 1421 qua-le
927 1381 980 1420 sit,
1001 1381 1124 1422 intelligi
1142 1382 1249 1424 possit,
1276 1394 1363 1424 quum
1384 1383 1519 1415 videlicet
1538 1383 1603 1426 ipsa
1623 1389 1752 1415 naturam
1773 1393 1854 1415 suam

209 1449 236 1472 et
262 1452 357 1472 rerum
383 1439 508 1471 omnium
534 1449 614 1468 mens
639 1443 668 1467 et
689 1436 762 1467 ratio
779 1436 881 1467 divina
902 1437 1027 1478 aperiat,
1055 1437 1084 1467 in
1105 1448 1197 1478 eaque
1218 1439 1391 1479 explicanda
1411 1439 1519 1470 ratione
1539 1439 1664 1479 quadam
1683 1439 1853 1479 progredia-

207 1504 251 1526 tur
271 1502 300 1526 et
320 1495 385 1534 via,
413 1504 500 1534 quam
520 1492 569 1533 qui
590 1491 716 1530 noverit,
743 1502 800 1521 non
821 1491 913 1532 possit
933 1491 957 1522 is
977 1502 995 1522 a
1015 1498 1134 1522 naturae
1154 1492 1275 1523 veritate
1295 1493 1456 1525 discedere.
1514 1495 1589 1525 Nam
1610 1493 1663 1524 etsi
1683 1498 1852 1535 pro'earum

208 1562 300 1582 rerum
319 1549 470 1588 varietate,
498 1548 536 1579 de
556 1547 660 1588 quibus
681 1547 831 1586 cogitatur,
853 1546 953 1577 variae
973 1554 1039 1577 sunt
1058 1549 1170 1579 formae
1187 1555 1218 1578 et
1237 1549 1321 1588 quasi
1341 1559 1451 1588 genera
1472 1549 1627 1587 cogitandi,
1654 1560 1740 1579 unum
1759 1556 1853 1579 tamen

206 1616 353 1636 commune
372 1610 417 1635 est
438 1603 588 1641 omuibus,
615 1601 664 1642 qui
685 1602 722 1632 (le
742 1601 841 1641 aliqua
860 1612 892 1631 re
911 1601 1056 1640 cogitant,
1082 1602 1160 1642 quod
1180 1603 1266 1641 quale
1287 1603 1341 1641 sit,
1367 1603 1408 1633 ita
1429 1602 1535 1643 optime
1556 1603 1626 1633 mihi
1646 1603 1747 1633 videor
1767 1614 1853 1644 posse

207 1660 388 1700 significare,
420 1658 446 1689 si
467 1657 622 1698 quaerendi
642 1664 778 1697 tanquam
798 1655 913 1695 generis
932 1655 1061 1695 cogitare
1081 1657 1225 1697 quandam
1245 1657 1371 1699 speciem
1390 1669 1456 1688 esse
1477 1658 1588 1697 dicam,
1619 1665 1647 1688 et
1667 1658 1853 1699 quemadmo-

208 1716 276 1746 dum
297 1714 460 1757 quaerendo
486 1713 626 1755 reperitur
650 1711 779 1752 aliquid,
807 1712 846 1742 ita
867 1711 1019 1751 cogitando
1039 1712 1150 1753 percipi
1171 1713 1218 1752 id,
1246 1713 1323 1753 quod
1344 1724 1443 1743 verum
1463 1713 1517 1744 sit:
1550 1714 1629 1754 quod
1650 1714 1675 1744 si
1697 1721 1853 1752 teneamus,

206 1771 308 1802 mirum
327 1770 421 1801 videri
439 1781 497 1800 non
518 1769 620 1805 debet,
647 1767 742 1807 quod,
768 1773 798 1797 ut
819 1766 908 1797 multa
928 1778 1016 1808 saepe
1038 1774 1226 1807 quaeruntur,
1254 1779 1309 1799 uon
1330 1768 1509 1810 reperiuntur
1529 1775 1640 1808 tamen,
1662 1769 1703 1800 ita
1725 1769 1853 1809 cogitau-

207 1834 249 1857 tes
270 1826 352 1856 multi
373 1837 472 1857 verum
493 1835 548 1854 uon
569 1822 740 1864 percipiunt.

283 1883 388 1922 Neque
407 1881 483 1911 enim
503 1879 573 1909 satis
595 1879 665 1914 erit,
701 1885 731 1907 ut
751 1877 815 1918 ipse
835 1877 887 1907 tibi
908 1878 981 1909 scire
1001 1878 1112 1919 aliquid
1134 1878 1268 1917 videam-3
1303 1878 1328 1909 si
1349 1890 1432 1910 nemo
1453 1880 1523 1919 erit,
1552 1880 1601 1920 qui
1623 1879 1730 1910 credat.
1791 1880 1853 1911 Erit

207 1937 280 1968 enim
306 1938 346 1967 ita
372 1936 487 1966 demum
513 1945 612 1965 verum
638 1933 685 1971 id,
713 1932 790 1973 quod
811 1933 905 1963 animo
928 1933 1195 1974 comprehenderis,
1225 1933 1250 1964 si
1271 1933 1324 1964 erit
1345 1934 1439 1975 ipsum
1459 1946 1512 1976 per
1531 1946 1612 1974 sese,
1638 1935 1697 1973 sic,
1726 1942 1756 1966 ut
1777 1941 1852 1965 esset

206 1993 290 2022 etiam
298 2013 307 2029 ,
335 1991 359 2021 si
386 1998 416 2021 tu
442 1990 514 2020 nihil
541 1989 578 2018 de
605 2000 638 2018 eo
667 1987 819 2026 cogitares.
868 1990 971 2028 Neque
992 1999 1077 2025 vero,
1104 1988 1134 2017 iu
1154 1991 1240 2018 rebus
1261 1988 1315 2027 iis,
1345 1999 1420 2029 quae
1440 2001 1496 2020 non
1517 1996 1593 2021 totae
1613 1996 1678 2021 sunt
1698 1989 1728 2020 in
1748 1995 1776 2019 te
1796 2000 1852 2020 uno

206 2047 337 2087 positae,
371 2044 526 2084 quidquam
553 2043 660 2082 lzabes,
696 2055 732 2073 ex
760 2054 817 2082 quo
844 2042 940 2083 possis
966 2050 1044 2072 recte
1070 2043 1242 2073 concludere
1269 2054 1333 2072 esse
1359 2045 1406 2082 id,
1437 2045 1513 2084 quod
1541 2046 1591 2075 tibi
1617 2056 1682 2075 esse
1708 2045 1851 2083 videatur,

206 2111 299 2141 neque
319 2106 347 2129 te
367 2109 441 2129 vana
463 2099 587 2139 quadam
607 2097 704 2139 specie
726 2097 819 2139 decipi
841 2096 919 2134 γει-ῖς
955 2097 1009 2126 nisi
1037 2108 1123 2137 quum
1145 2104 1172 2127 et
1192 2098 1256 2139 ipse
1277 2098 1408 2137 quamuis
1430 2098 1582 2138 diligenter
1601 2111 1661 2131 rem
1682 2098 1851 2131 excutiendo

207 2165 234 2186 et
259 2154 416 2186 identidem
443 2153 620 2184 retractando
648 2152 751 2182 deduci
776 2163 794 2183 a
814 2152 955 2183 sententia
975 2163 1031 2182 uon
1052 2163 1160 2193 queas,
1191 2161 1219 2183 et
1239 2152 1316 2183 idem
1337 2153 1439 2184 videas
1461 2154 1553 2186 videri
1573 2154 1657 2193 aliis,
1690 2154 1740 2195 qui
1760 2154 1796 2185 de
1817 2165 1852 2185 ea

209 2224 238 2241 re
253 2211 384 2251 judicare
405 2209 526 2251 possint.
587 2210 684 2246 Quare
705 2219 792 2248 quum
812 2208 878 2239 sciri
899 2207 971 2238 nihil
992 2208 1101 2249 possit,
1128 2208 1183 2238 nisi
1205 2208 1282 2248 quod
1304 2219 1402 2240 verum
1425 2209 1477 2240 sit:
1506 2209 1627 2240 efficitur
1647 2210 1792 2251 profecto,
1822 2216 1852 2240 ut
