2065 2670
210 805 350 871 auum
368 829 457 869 mihi,
478 834 644 870 aegrotante
664 829 785 871 primum
805 829 953 869 Bechero,
980 828 1084 860 deiude
1105 834 1232 868 mortuo,
1253 828 1309 859 hoc
1329 829 1455 859 delatum
1476 838 1579 859 munus
1600 834 1694 867 esset,
1714 833 1745 858 ut
1766 827 1853 858 cice-

211 885 287 915 ronis
307 885 396 916 libros
416 886 616 927 interpretarer
636 886 785 927 discipulis
811 885 932 924 nostris,
960 885 989 915 in
1015 884 1197 926 explicandis
1218 884 1390 915 Tu'scnlanis
1411 884 1651 926 disputationibus
1671 894 1706 914 ea
1728 882 1853 913 maxime

211 950 279 970 usus
299 951 362 971 sum
382 951 479 971 eorum
500 941 636 971 librorum
657 941 796 980 editione,
817 951 903 982 quam
922 941 1004 970 uobis
1022 940 1157 970 Klotzius
1177 940 1306 982 paravit,
1328 940 1408 980 cujus
1429 939 1484 970 viri
1504 939 1638 970 eximiam
1659 946 1687 970 et
1701 937 1853 979 judicandi

210 994 394 1027 subtilitatem
421 1003 450 1027 et
475 996 564 1027 latine
591 994 737 1027 scribendi
759 995 932 1036 elegantiam
952 994 1148 1037 praedicarem
1169 994 1224 1026 hoc
1243 995 1325 1034 loco,
1352 994 1409 1026 nisi
1427 1001 1507 1026 tanta
1527 1000 1672 1027 exstarent
1692 994 1755 1034 ejus
1774 999 1803 1024 et
1823 992 1853 1023 in

210 1049 376 1080 Ciceronem
402 1058 430 1081 et
455 1051 485 1081 in
512 1062 624 1081 omnem
650 1051 833 1081 humanitatis
860 1050 1016 1081 doctrinam
1042 1050 1160 1089 merita,
1187 1057 1217 1080 ut
1238 1061 1302 1080 mea
1322 1050 1373 1081 ille
1392 1051 1480 1080 laude
1499 1061 1556 1081 non
1577 1056 1684 1090 egeret.
1745 1051 1780 1079 In
1799 1048 1853 1078 illa

207 1105 294 1144 igitur
320 1106 445 1137 editione
471 1118 558 1147 quum
583 1107 673 1136 multa
697 1106 832 1137 videbam
861 1117 925 1137 esse
952 1113 981 1137 et
1007 1106 1129 1137 feliciter
1155 1105 1306 1137 emendata
1336 1113 1364 1137 et
1389 1106 1534 1147 explicata
1562 1105 1707 1144 dilucide,
1746 1104 1851 1145 quibus

207 1160 323 1201 egregie
343 1172 441 1192 eorum
461 1161 596 1191 librorum
618 1161 810 1203 interpretatio
830 1160 1015 1200 adjuvaretur
1022 1173 1031 1199 3
1059 1168 1118 1191 tum
1139 1171 1209 1191 vero
1230 1160 1316 1191 etiam
1336 1161 1415 1191 haud
1435 1172 1529 1202 pauca
1549 1160 1755 1199 occurrebant,
1777 1170 1851 1200 quae

206 1223 256 1246 aut
274 1216 350 1246 bene
368 1216 405 1246 ab
426 1215 492 1246 aliis
512 1216 676 1255 emendata,
694 1228 712 1247 a
731 1216 850 1247 Klotzio
870 1216 946 1246 male
967 1216 1085 1246 defendi
1105 1222 1246 1257 piuarem,
1268 1222 1318 1246 aut
1337 1223 1413 1246 recte
1434 1216 1471 1245 ab
1492 1216 1555 1257 ipso
1575 1218 1682 1258 scripta
1701 1227 1759 1246 non
1780 1215 1850 1245 satis

207 1271 354 1301 commode
380 1277 504 1311 apteque
529 1272 680 1312 explicari.
718 1274 818 1311 Itaque
844 1282 879 1301 ea
904 1271 934 1300 in
959 1271 1082 1310 legendo
1103 1271 1228 1301 breviter
1248 1278 1432 1309 notaveram,
1459 1283 1552 1311 neque
1572 1283 1642 1302 vero
1664 1283 1698 1302 eo
1719 1271 1850 1309 consilio,

208 1333 238 1356 nt
258 1326 296 1357 de
321 1325 423 1356 iisdem
449 1326 531 1356 libris
555 1326 619 1367 ipse
645 1326 714 1366 quid
740 1326 910 1363 scriberem;
943 1325 995 1356 sed
1016 1337 1102 1365 quum
1124 1325 1244 1356 solemni
1265 1337 1343 1356 more
1363 1325 1525 1357 scholarum
1551 1327 1605 1357 hoc
1631 1335 1759 1368 tempore
1779 1326 1850 1357 scri-

209 1381 333 1412 bendum
363 1387 439 1412 esset
464 1380 595 1421 aliquid,
622 1380 710 1421 idque
734 1380 841 1419 latine,
869 1387 988 1420 rogante
1014 1380 1140 1411 maxime
1165 1381 1278 1420 collega
1308 1392 1360 1419 eo,
1388 1381 1437 1421 qui
1457 1392 1532 1412 nunc
1552 1382 1719 1414 academiae
1738 1389 1853 1413 nostrae

209 1442 336 1477 praeest,
355 1436 452 1466 multis
472 1446 583 1467 mecum
602 1435 706 1466 mutuis
724 1435 826 1466 officiis
846 1435 1075 1475 conjunctissimo
1082 1446 1091 1473 3
1114 1435 1168 1465 etsi
1189 1442 1216 1465 et
1236 1436 1302 1466 aliis
1320 1436 1442 1476 negotiis
1464 1443 1520 1466 tam
1535 1437 1632 1467 multis
1649 1444 1764 1477 tamque
1779 1447 1851 1477 ope-

210 1490 282 1522 rosis
311 1489 484 1529 distinebar,
514 1497 547 1522 ut
571 1491 657 1522 etiam
685 1490 827 1522 recusanti
853 1490 923 1521 mihi
948 1490 979 1521 id
1004 1502 1107 1522 munus
1135 1490 1263 1521 desidiae
1284 1491 1389 1523 crimen
1409 1503 1465 1523 non
1487 1499 1563 1523 esset
1583 1502 1758 1534 magnopere
1778 1492 1852 1523 exti-

208 1546 411 1585 mescendum,
434 1557 520 1587 quum
540 1545 570 1576 id
591 1546 759 1588 praesertim
779 1546 858 1586 exigi
876 1556 895 1577 a
914 1557 960 1576 me
980 1557 1036 1576 non
1057 1553 1171 1588 posset;
1201 1553 1228 1576 ct
1248 1547 1370 1577 verebar
1390 1555 1555 1589 praeterra,
1583 1559 1619 1578 ne
1641 1558 1676 1578 ea
1696 1548 1851 1586 adsserrem,

208 1612 282 1643 quae
302 1608 351 1631 aut
370 1602 448 1631 levia
468 1601 633 1632 viderentur
652 1613 717 1632 esse
737 1613 789 1642 per
809 1612 853 1638 se,
873 1608 924 1631 aut
945 1601 1051 1632 dudum
1072 1609 1168 1632 essent
1188 1602 1264 1632 dicta
1284 1604 1321 1633 ab
1341 1603 1418 1641 aliis,
1441 1611 1469 1633 et
1489 1604 1577 1633 multo
1598 1604 1714 1643 quidem
1734 1603 1849 1640 melius,

207 1668 293 1698 quam
316 1668 334 1687 a
361 1668 406 1688 me
432 1656 489 1687 dici
512 1663 649 1698 possent,
679 1656 729 1697 qui
754 1656 793 1687 ad
819 1656 891 1687 haec
917 1656 1028 1695 studia,
1057 1663 1167 1687 retenta
1194 1657 1307 1696 animo,
1335 1658 1387 1688 sed
1414 1658 1538 1688 remissa*
1555 1658 1752 1700 temporibus,
1778 1658 1849 1688 satis

206 1714 292 1752 longo
312 1712 448 1753 temporis
468 1712 621 1742 intervallo
642 1711 807 1741 rediissem:
827 1718 922 1741 tamen
942 1723 979 1741 ne
1000 1712 1103 1741 deesse
1122 1712 1217 1742 officio
1237 1712 1370 1750 viderer,
1392 1713 1556 1743 faciendum
1577 1715 1677 1752 statui,
1699 1721 1730 1743 ut
1751 1724 1849 1744 eorum

206 1768 359 1805 nonnulla,
391 1778 465 1807 qnae
485 1774 552 1797 tunc
571 1775 733 1805 notassem,
759 1773 927 1804 tractarem,
955 1766 980 1795 si
1000 1778 1132 1807 possem,
1154 1767 1330 1805 accuratius,
1352 1774 1448 1808 totque
1466 1769 1591 1799 virorum
1614 1770 1761 1800 doctorum
1782 1781 1849 1799 sen-

206 1823 300 1854 tentiis
320 1833 413 1853 meam
434 1833 547 1862 quoque
568 1823 794 1862 qualemcunque
815 1820 975 1862 opinionem
996 1821 1192 1861 adjungerem.
1218 1824 1252 1852 ln
1274 1834 1330 1862 quo
1351 1823 1468 1862 egregie
1488 1835 1534 1854 me
1555 1825 1666 1864 adjuvit
1686 1825 1850 1862 Richterus,

207 1878 320 1917 collega
346 1876 555 1915 amicissimus,
585 1877 633 1917 qui
658 1875 841 1907 Mosei-ianae
868 1875 1000 1906 editionis
1027 1869 1124 1907 eortim
1144 1877 1282 1907 librorum
1304 1888 1320 1907 e
1340 1877 1467 1908 Becheri
1485 1879 1660 1910 bibliotheca
1680 1886 1850 1920 potestatem

207 1932 277 1964 mihi
295 1932 374 1971 fecit,
394 1932 424 1962 in
445 1943 503 1972 qua-
522 1939 552 1962 et
570 1931 639 1972 quid
659 1931 725 1962 libri
745 1930 929 1971 manuscripti
948 1930 1144 1972 editionesqne
1164 1938 1277 1962 veteres
1298 1932 1482 1972 praeberent,
1502 1940 1530 1963 et
1551 1934 1619 1973 quid
1640 1934 1661 1964 ii
1681 1934 1848 1972 sensissent,

206 1989 255 2029 qui
269 1993 369 2029 postea
388 1987 417 2017 in
438 1988 484 2018 his
504 1987 587 2017 libris
609 1987 815 2024 elaborassent,
836 1986 1007 2016 luculentius
1020 1986 1099 2027 potui
1115 1987 1291 2027 perspicere,
1313 1995 1398 2027 atque
1415 1989 1552 2018 nonnulla
1566 1989 1651 2018 etiam
1666 1989 1728 2020 vidi
1738 2000 1849 2028 eorum,

207 2055 281 2085 quae
300 2043 363 2085 ipse
382 2049 603 2082 annotaveram,
624 2043 694 2073 scite
714 2053 748 2074 ac
769 2042 850 2072 docte
871 2052 935 2072 esse
956 2052 974 2072 a
994 2043 1111 2072 Mosero
1131 2049 1314 2082 pertractata.
1357 2045 1440 2081 Quae
1460 2051 1554 2074 autem
1575 2052 1639 2085 post
1660 2056 1723 2076 eam
1745 2046 1850 2077 editio-

205 2111 269 2130 nem
290 2110 308 2129 ει
328 2098 398 2128 viris
419 2097 508 2128 doctis
529 2099 619 2129 allata
640 2105 753 2136 essent,
780 2097 922 2136 inquirere
942 2107 994 2136 per
1014 2096 1161 2135 angustias
1183 2098 1318 2138 temporis
1339 2109 1394 2128 non
1416 2099 1538 2137 licebat3
1573 2110 1659 2140 quam
1685 2101 1723 2132 ob
1743 2113 1802 2133 rem
1825 2104 1848 2133 si

205 2165 279 2195 quae
293 2155 414 2185 sortasse
427 2164 536 2190 eorum,
564 2163 638 2193 quae
660 2153 714 2182 hoc
735 2152 834 2182 libel-lo
854 2151 1001 2192 proposui,
1023 2158 1071 2181 aut
1092 2152 1195 2182 melius
1216 2161 1298 2183 erunt
1319 2154 1475 2194 explicata,
1497 2162 1546 2184 aut
1566 2156 1652 2185 etiam
1674 2158 1847 2197 reprehensa

206 2218 292 2250 atque
317 2211 422 2249 rejecta
447 2208 484 2238 ab
509 2207 564 2245 iis,
592 2208 642 2247 qui
668 2208 704 2237 de
731 2207 832 2237 iisdem
859 2206 944 2236 rebus
970 2206 1016 2236 his
1042 2207 1180 2247 proximis
1207 2209 1289 2239 annis
1313 2209 1536 2249 disputaverint,
1564 2210 1638 2240 hanc
1658 2212 1695 2242 ab
1716 2213 1770 2250 iis,
1798 2214 1853 2251 qui

206 2266 278 2296 haec
297 2264 397 2296 lecturi
417 2270 493 2300 sunt,
514 2262 628 2294 veniam
648 2269 726 2304 peto,
748 2269 778 2293 ut
797 2273 833 2293 ne
853 2268 901 2293 aut
922 2273 986 2293 eum
1006 2273 1052 2293 me
1073 2273 1138 2294 esse
1158 2269 1275 2304 putent,
1297 2264 1346 2304 qui
1366 2276 1420 2295 non
1443 2272 1525 2306 turpe
1545 2266 1658 2305 ducam,
1680 2279 1715 2299 ea
1736 2268 1765 2298 in
1785 2281 1848 2300 me-

1173 2317 1194 2335 *
1216 2319 1235 2349 2
