2065 2670
1037 123 1070 152 X

223 222 290 262 quid
311 221 406 253 dicam
425 221 627 263 Epimrumffl
668 220 760 259 Quasi
780 230 849 251 vero
870 221 1022 260 quisquam
1041 221 1094 259 sit,
1116 221 1165 261 qui
1191 221 1231 251 ita
1257 221 1353 251 dicat:
1373 220 1452 259 „hoe
1471 220 1542 251 mihi
1562 220 1676 258 videtur
1695 223 1875 264 Epicurus.“

222 278 278 308 llle
305 288 377 309 vero
402 277 507 308 etiam:
533 287 610 315 „nos
636 286 735 306 omnes
762 276 792 306 id
819 275 926 314 (sttrdi)
953 287 1062 306 sumus.
1105 275 1211 306 Credat
1236 276 1365 307 Iudaeus
1393 277 1519 318 Apella!
1559 276 1636 307 Mihi
1661 278 1777 318 quidem
1802 278 1875 308 nihil

223 344 289 364 esse
309 332 433 373 ‚,quod“
451 331 507 362 nisi
527 331 687 372 conjunctio
708 331 840 370 videtur,
874 342 948 371 quae
969 342 1055 371 quum
1076 330 1332 363 innumerabilibus
1358 332 1430 372 locis
1451 332 1553 364 eodem
1578 332 1663 364 modo
1683 333 1752 375 poni
1772 334 1876 373 soleat,

225 401 279 419 non
300 387 354 419 erit
374 387 430 418 hoc
450 386 514 418 loco
534 387 666 429 pluribus
687 387 784 417 verbis
804 386 988 427 explicanda.

263 446 353 475 Tusc.
374 445 399 474 1.
420 444 457 482 3,
477 443 509 474 6.
549 444 672 482 „Quare
696 442 722 473 ni
741 441 853 483 aliquid
881 442 1023 474 oratoriae
1043 442 1166 482 laudm)
1187 450 1284 475 nostra
1304 444 1450 476 attulimus
1470 444 1626 485 industria,
1656 444 1744 476 multo
1764 444 1877 476 studio·

369 498 429 529 sius
449 497 654 540 philosophiae
674 498 768 529 fontes
789 497 969 540 aperiemus,
989 509 1007 529 e
1028 498 1133 539 quibus
1152 498 1205 529 illa
1224 498 1416 531 manabant.“

275 589 279 594 1
304 554 412 586 Mirum
434 560 494 593 est,
521 560 698 596 quantopere
717 554 746 584 in
768 565 824 585 une
844 554 927 585 litera
947 553 1003 585 viri
1023 554 1100 584 docti
1121 553 1300 585 dissentiant.
1350 555 1515 587 Genitivnm
1535 556 1622 588 codd.
1642 557 1774 598 plerique
1794 562 1877 587 tuen-

229 620 289 650 tur,
316 610 446 641 dativum
468 615 496 640 et
517 609 602 640 codd.
623 609 751 649 aliquot,
779 615 806 638 et
827 608 967 639 editiones
988 609 1050 639 sere
1070 619 1181 639 omnes.
1222 608 1360 639 Klotzins
1385 610 1490 641 durum
1515 622 1581 642 esse
1606 611 1735 642 dativum
1756 611 1815 648 ait,
1842 621 1877 641 ac

228 668 277 698 vix
297 665 422 705 intelligi
442 676 546 705 posse,
575 671 672 695 contra
692 663 765 695 nihil
785 664 912 704 genitivo
933 665 1067 705 planius,
1095 664 1168 695 nihil
1189 664 1227 695 ad
1248 664 1417 695 sententiam
1441 666 1547 707 aptius.

307 720 441 751 Handius
462 720 518 750 ita:
541 719 694 758 „Affertur
713 718 823 759 aliquid
844 720 959 756 landis,
980 719 1030 750 ubi
1049 719 1130 749 nulla
1148 726 1209 749 erat
1230 726 1314 750 antea
1334 720 1417 759 laus,
1438 720 1491 751 sed
1510 721 1630 752 alliertur
1649 721 1758 761 aliquid
1779 720 1875 758 Ιαιιιῐί,

230 776 345 818 quando
365 786 400 806 ea
421 774 503 805 unius
525 774 647 815 alicujus
667 784 755 815 opera
775 775 931 814 augeturf‘
978 776 1012 805 ln
1033 785 1089 815 quo
1111 774 1136 805 si
1157 785 1256 806 renim
1278 775 1368 814 vidit,
1396 782 1425 807 et
1444 775 1558 807 videtur
1576 786 1648 807 sane
1668 776 1794 815 vidisse,
1821 786 1879 807 non

231 832 354 863 debebat
383 829 437 861 illa
463 829 638 869 adjungere:
670 829 799 869 „Attulit
824 829 913 869 igitur
940 830 1040 860 laudis
1065 829 1176 870 aliquid
1203 829 1224 861 i.
1245 841 1272 861 e.
1299 830 1477 871 aliquantum
1496 831 1526 861 in
1546 830 1670 862 oratoria
1690 837 1751 862 arte
1770 830 1879 868 laudis,

230 897 304 928 quae
324 895 417 928 parva
436 890 487 917 aut
506 884 587 916 nulla
608 890 687 924 erat,
713 895 771 916 non
790 883 896 923 laudi,
921 895 996 926 quae
1016 891 1100 916 antea
1115 884 1178 925 jam
1199 890 1352 917 constaret.
1399 886 1464 917 Hoc
1489 885 1623 927 quamvis
1648 885 1806 918 modestius
1833 884 1880 916 di-

231 951 306 974 etum
334 942 483 980 videatur,
512 940 586 972 illud
613 947 708 971 tamen
733 939 866 971 Ciceroni
892 940 985 981 magis
1009 940 1177 972 convenit.“
1217 942 1293 972 Nam
1314 953 1402 982 quum
1421 941 1485 983 ipse
1505 941 1607 973 Cicero
1626 941 1727 983 paullo
1747 948 1813 973 ante
1833 940 1881 972 di-

230 999 340 1036 xisset,
366 1003 494 1028 oratores
520 995 561 1026 ita
588 1006 709 1036 magnos
734 1006 816 1026 suam
836 994 874 1026 ad
895 1002 1018 1026 aetatem
1038 995 1146 1034 fuisse,
1173 1003 1203 1026 ut
1223 1006 1280 1027 non
1301 996 1439 1036 multum,
1464 1003 1514 1028 aut
1533 996 1605 1028 nihil
1626 997 1739 1028 omnino
1760 996 1879 1027 Graecia

232 1054 396 1091 cederetur3
426 1053 477 1094 qui
507 1051 621 1083 tandem
648 1050 759 1094 aliquid
788 1062 821 1081 se
848 1050 980 1081 attulisse
1007 1050 1149 1082 oratoriae
1174 1050 1270 1082 laudis
1293 1051 1390 1083 dicere
1411 1051 1518 1094 potuit,
1550 1059 1581 1083 ut
1601 1063 1675 1094 quae
1694 1058 1779 1083 antea
1799 1051 1880 1083 nulla

232 1109 354 1141 suisset?
396 1110 550 1139 Praeterea
575 1114 603 1138 et
623 1107 776 1148 requiritur
796 1106 912 1138 dativus
933 1117 1093 1148 personae,
1123 1107 1256 1147 quanwis
1275 1114 1362 1147 neget
1382 1107 1537 1146 Klotzius‚
1564 1115 1592 1138 et
1612 1108 1764 1149 opponitur
1784 1114 1880 1138 orato-

233 1167 275 1197 ria
295 1167 360 1197 laus
380 1163 596 1206 philosophiae.
637 1165 738 1203 Itaque
760 1162 837 1203 quod
858 1173 910 1193 suo
930 1162 1048 1202 quidem
1066 1174 1146 1193 more
1164 1162 1205 1193 ita
1225 1163 1320 1193 dicere
1342 1163 1442 1193 Cicero
1469 1170 1597 1204 poterat:
1630 1163 1680 1202 „si
1705 1163 1816 1203 aliquid
1842 1163 1880 1193 ad

233 1220 385 1253 oratoriam
413 1218 529 1249 laudem
555 1225 653 1249 nostra
679 1217 825 1249 attulimus
852 1217 1015 1248 industria“
1040 1218 1070 1248 id
1098 1217 1198 1247 maluit
1223 1217 1278 1247 hoc
1306 1217 1369 1248 loco
1396 1218 1495 1248 dativo
1521 1218 1692 1260 exprimere.
1747 1218 1881 1249 Ceterum

234 1277 311 1318 quod
330 1276 370 1306 ita
389 1274 538 1306 Handius:
574 1280 602 1304 et
622 1273 704 1304 verbi
724 1273 876 1313 „afferre“
897 1273 1046 1303 absolutus
1067 1284 1135 1303 usus
1157 1280 1233 1311 erat,
1255 1283 1305 1304 cur
1325 1273 1435 1304 librarii
1455 1274 1599 1312 „landis“
1620 1275 1648 1304 in
1669 1273 1797 1313 „laudi“
1818 1284 1882 1304 mu-

235 1337 345 1368 tarent;
366 1339 423 1360 non
443 1328 530 1360 video
551 1328 702 1368 equidem,
722 1337 773 1358 cur
793 1338 848 1357 non
870 1327 956 1357 ceteri
976 1327 1071 1368 potins
1091 1328 1275 1369 praecedenti
1296 1328 1400 1359 vocula
1421 1328 1579 1369 „aliquid“
1599 1335 1751 1371 putentur,
1779 1334 1809 1358 ut
1829 1338 1883 1367 ge-

234 1387 354 1419 nitivum
374 1384 552 1427 praeferrent
562 1405 573 1423 ,
594 1382 702 1414 inducti
722 1393 798 1414 esse.
839 1383 937 1423 Atque
956 1382 1029 1413 illud
1049 1383 1144 1425 ipsum
1166 1383 1252 1422 „ali‘⁴
1275 1383 1373 1416 dativo
1393 1384 1581 1425 sull'ragatur.

273 1443 297 1472 1.
319 1441 377 1478 12,
397 1440 449 1469 27.
490 1438 606 1478 „quue
633 1448 720 1477 quum
746 1437 842 1467 uultis
868 1437 934 1467 aliis
960 1437 1066 1473 rebus,
1101 1444 1160 1468 tum
1181 1448 1198 1467 e
1218 1438 1364 1478 pontificio
1378 1439 1446 1477 jure
1466 1445 1495 1469 et
1514 1450 1532 1469 e
1552 1439 1712 1469 cerimoniis
1731 1438 1882 1479 sepulcro-

377 1505 440 1527 rum
467 1492 590 1533 intelligi
615 1492 698 1531 lice13
728 1503 800 1533 quas
822 1491 955 1523 maximis
976 1491 1099 1532 ingeniis
1120 1493 1243 1535 praediti
1269 1502 1322 1525 nec
1348 1500 1426 1525 tanta
1448 1504 1516 1525 cura
1536 1493 1708 1532 coluissent,
1737 1505 1790 1525 noe
1816 1494 1881 1525 vio-

378 1552 453 1581 latas
474 1557 531 1581 tam
552 1549 721 1590 inexpiabili
742 1548 881 1586 religione
901 1548 1081 1585 sanxissent,
1108 1549 1163 1579 nisi
1184 1549 1315 1580 haereret
1334 1550 1363 1580 in
1384 1561 1480 1580 eorum
1502 1551 1660 1588 mentibus,
1686 1557 1805 1580 mortem
1825 1561 1881 1580 non

377 1604 520 1637 interitum
548 1615 612 1635 esse
633 1603 727 1636 onmia
747 1603 894 1635 tollentem
915 1611 1001 1646 atque
1022 1603 1183 1641 delentem,
1216 1604 1269 1637 sed
1297 1605 1440 1645 quandem
1467 1605 1664 1645 migrationem
1684 1604 1882 1635 commutatio-

377 1672 500 1702 nemque
527 1660 625 1696 vitae,
653 1670 728 1700 quae
754 1659 782 1688 in
809 1659 895 1689 claris
924 1659 994 1690 viris
1021 1666 1049 1689 et
1075 1659 1190 1690 seminis
1217 1661 1275 1690 dux
1301 1661 1330 1689 in
1359 1660 1470 1691 coelum
1490 1661 1595 1691 soleret
1615 1671 1696 1698 esse,
1724 1660 1756 1689 in
1776 1661 1882 1690 celeris

376 1716 456 1748 humi
477 1715 673 1752 retineretur,
694 1722 722 1746 et
740 1720 930 1756 permaneret
952 1716 1081 1745 tamen.“

313 1771 421 1811 ungari
441 1782 497 1801 non
517 1778 628 1812 potest,
664 1771 689 1801 si
709 1781 780 1800 vera
802 1770 873 1799 haec
894 1769 979 1799 lectio
1001 1770 1054 1808 sit,
1088 1781 1162 1810 quae
1183 1777 1226 1800 est
1247 1781 1317 1801 sane
1338 1771 1524 1812 plurimorum
1545 1771 1698 1810 librorum,
1726 1783 1783 1803 non
1804 1783 1882 1802 com-

233 1827 417 1861 mutationem
438 1826 515 1857 vitae
523 1847 533 1864 ,
554 1825 606 1857 sed
626 1815 720 1868 ipsam
742 1824 828 1856 vitam
850 1824 952 1857 ducem
974 1824 1030 1857 dici
1050 1825 1080 1856 in
1102 1826 1212 1857 coelum
1240 1837 1322 1866 esse,
1344 1826 1522 1867 eandemque
1542 1825 1571 1857 in
1592 1826 1693 1863 ceteris
1714 1826 1793 1858 humi
1814 1827 1882 1858 reti-

233 1886 311 1924 neri,
333 1889 467 1922 recteque
489 1893 553 1912 esse
573 1892 590 1912 a
611 1881 731 1912 Klotzio
751 1881 827 1912 huuc
846 1881 941 1912 locum
962 1881 1154 1922 explicatun1;
1187 1894 1280 1923 neque
1302 1894 1370 1913 vero
1392 1882 1497 1913 adduci
1516 1894 1652 1924 possum,
1679 1889 1709 1913 ut
1729 1882 1769 1913 ita
1789 1883 1882 1924 scrip-

234 1942 306 1972 sisse
327 1939 494 1970 Ciceronem
516 1937 642 1968 credam.
690 1939 783 1975 Bam,
812 1935 889 1977 qnod
909 1936 1046 1967 Klotzius
1067 1937 1170 1976 all'ert,
1199 1937 1446 1969 commutationem
1468 1938 1545 1968 vitae
1565 1937 1642 1968 viam
1663 1937 1742 1968 illam
1765 1938 1881 1978 quidem

235 1997 283 2028 vel
308 1995 361 2027 iter
390 1993 429 2026 ad
456 1992 585 2032 coelum,
614 2004 708 2035 neque
736 2003 805 2024 vero
831 1991 933 2023 ducem
960 1990 1018 2022 (lici
1043 2003 1149 2034 posse,
1178 1992 1266 2025 vitam
1293 2004 1364 2025 vero
1384 1992 1531 2024 homiuum
1550 1992 1709 2025 rectissime
1730 1992 1831 2024 ducem
1852 1993 1881 2023 in

235 2051 346 2082 coelum
365 2047 525 2091 appellari3
546 2048 577 2078 id
598 2048 652 2078 etsi
672 2047 765 2089 primo
785 2046 925 2088 adspectu
946 2046 1063 2086 habeat,
1085 2058 1143 2088 quo
1163 2048 1388 2087 commendetur,
1409 2055 1504 2079 tamen
1524 2048 1550 2079 si
1570 2048 1730 2080 accuratius
1749 2048 1887 2090 inspexe-

236 2106 293 2145 ris,
324 2104 396 2135 nihil
415 2114 479 2134 esse
499 2102 613 2134 videas.
655 2102 727 2143 Quis
749 2102 843 2141 enim,
874 2101 901 2133 si
919 2102 960 2133 ita
979 2102 1117 2144 scriptum
1138 2110 1231 2134 esset:
1266 2114 1348 2144 „qua
1368 2103 1397 2134 in
1417 2104 1529 2135 coelum
1548 2103 1619 2135 clari
1639 2103 1695 2135 viri
1716 2110 1743 2135 et
1763 2102 1887 2135 feminae

236 2164 407 2193 ducerentur
413 2161 447 2196 ,“
481 2159 541 2191 vita
561 2170 613 2189 nec
633 2158 729 2202 potius
749 2165 840 2189 morte
861 2157 927 2189 duci
947 2157 1015 2189 illos
1035 2159 1169 2200 putaret?
1211 2159 1288 2197 Quid
1310 2165 1404 2191 autem
1425 2160 1504 2192 alind
1526 2159 1581 2191 uisi
1601 2159 1656 2191 hoc
1680 2158 1775 2202 ipsum
1802 2159 1887 2191 Cice-

236 2218 313 2250 ronis
335 2215 433 2248 verbis
454 2214 608 2254 significari
629 2214 779 2246 dicamus?
821 2215 935 2253 Quare,
957 2214 1033 2255 quod
1054 2214 1161 2245 nemini
1180 2215 1253 2246 haec
1271 2216 1380 2256 legenti
1399 2228 1456 2247 non
1476 2216 1505 2246 in
1525 2223 1648 2246 mentem
1669 2215 1770 2246 venire
1791 2216 1888 2255 debet,

237 2282 265 2304 ut
292 2273 329 2305 ud
357 2278 495 2309 mortem,
531 2281 586 2300 non
614 2269 651 2300 ad
678 2269 767 2301 vitam
792 2280 827 2301 ea
854 2269 977 2309 reserat,
1010 2280 1085 2310 quae
1109 2271 1230 2302 relativo
1250 2271 1418 2312 pronomine
1437 2272 1648 2312 adjungantur,
1681 2269 1758 2302 idem
1786 2282 1888 2302 censeo
